3342 5532
688 428 853 502 „15-

153 628 249 690 modo
271 628 392 690 acerbis
415 627 547 706 facetiis,
572 647 652 709 quae
676 629 789 690 satirae
812 633 904 710 aptae
927 627 1060 704 fuerant,
1085 627 1179 690 modo
1212 624 1383 696 rusticitate

152 731 290 812 quadam
312 731 484 812 insignitur.
530 728 591 793 Sed
615 731 674 792 hac
696 730 805 794 eadem
830 731 1001 793 rusticitate
1023 730 1126 812 placet
1146 730 1300 794 interdum
1324 732 1381 794 Oa·

150 834 258 916 tullus,
283 835 329 896 vir
352 834 496 896 Veronae
521 835 556 896 in
579 834 746 916 municipio
776 835 890 914 agresti
912 841 1014 912 natus,
1043 835 1129 914 cujus
1159 834 1278 896 animus
1307 854 1382 897 non-

152 937 228 998 dum
247 937 368 998 luxuria
385 935 610 1018 urbisprorsus
627 942 787 1018 corruptus
810 942 887 999 erat.
934 933 1068 997 Omnino
1090 937 1246 1018 ingenium
1272 937 1383 999 Catulli

152 1040 195 1101 ad
210 1040 477 1102 minoracarminn
495 1039 648 1121 simplicia
670 1044 702 1101 et
723 1038 826 1120 lepida
847 1038 1012 1128 pangenda
1034 1040 1240 1121 aptissimum,
1264 1041 1295 1101 in
1319 1060 1382 1124 ma·

147 1141 272 1224 juribus
295 1143 483 1223 argumentis
505 1141 672 1203 tractandis
694 1161 803 1224 parum
836 1141 911 1202 felix
943 1160 1045 1221 neque
1077 1144 1109 1202 in
1143 1141 1274 1205 disticho
1304 1144 1383 1228 satis

153 1245 310 1308 dextrum.
356 1245 465 1325 ltaque
487 1245 519 1305 in
542 1244 642 1324 elegia
666 1243 779 1305 Catulli
801 1249 898 1305 artem
921 1245 1080 1307 etiamtum
1103 1245 1261 1308 horridam
1285 1253 1316 1308 et
1337 1247 1384 1308 in·

152 1339 267 1410 cultain
290 1348 322 1408 in
343 1329 429 1408 cunis
449 1346 681 1427 'quodammodo
704 1347 810 1426 vagire
833 1353 916 1409 recte
938 1349 1095 1410 contendit
1117 1349 1349 1438 Hertzbergins.

239 1450 379 1531 Elegiam
410 1451 606 1531 amatoriam,
637 1469 655 1510 a
678 1449 822 1512 Cornelio
846 1449 936 1512 Gallo
958 1449 1091 1512 Romam
1115 1452 1305 1533 translatam,
1331 1453 1382 1514 Ti·

158 1554 258 1617 bullus
280 1553 377 1615 solam
400 1553 466 1616 fere
487 1552 548 1614 sibi
570 1553 701 1615 electam
725 1572 825 1634 paene
848 1553 888 1615 ad
910 1553 984 1642 artis
1006 1555 1130 1618 culmen
1152 1557 1307 1638 provexit.
1342 1555 1384 1617 Et

157 1675 232 1719 sane
255 1655 524 1730 admirandusest
546 1654 699 1720 Tibullus.
745 1656 826 1718 Nam
850 1675 925 1737 quas
947 1658 1134 1738 pectoris-
1156 1660 1182 1720 si
1205 1659 1264 1720 hoo
1286 1659 1382 1722 verbo

157 1761 202 1821 nti
223 1761 296 1822 licet
317 1794 359 1806 -
382 1759 471 1820 dotes
503 1759 534 1820 in
568 1758 693 1820 homine
723 1758 864 1820 Romano
895 1765 957 1820 tam
985 1778 1055 1820 raro
1084 1761 1236 1841 invenias,
1262 1769 1294 1824 ιιι
1316 1763 1384 1844 ipso

156 1863 253 1925 verbo
275 1867 380 1924 careat
401 1862 612 1930 Romanorum
641 1880 756 1943 sermo,
788 1862 826 1923 iis
855 1867 936 1923 totus
959 1861 1074 1925 Tibulli
1097 1866 1217 1926 animus
1240 1865 1381 1946 insigniat

156 1967 266 2048 Neque
290 1965 497 2038 dubitaverim
520 1955 692 2048 affirmare,
723 1967 750 2028 si
773 1965 911 2028 Tibullus
941 1967 1008 2027 aliis
1037 1968 1226 2049 temporibus
1250 1968 1382 2048 integro·

155 2091 223 2131 rum
248 2085 365 2131 morum
388 2070 529 2148 vixisset,
554 2087 710 2149 nunquam
734 2068 871 2132 futurum
901 2069 1006 2144 luisse,
1040 2077 1073 2130 ιιι
1102 2070 1161 2131 illis
1193 2069 1383 2152 pervulgatis

156 2173 399 2255 corruptelarum
421 2172 573 2260 illecebris
596 2172 775 2233 irretiretur.
829 2173 908 2234 Nam
943 2173 1027 2252 quod
1055 2171 1118 2234 diei
1147 2174 1236 2252 solet,
1268 2173 1384 2236 saeculi

156 2275 238 2338 vitiis
262 2277 337 2338 vitia
359 2274 548 2356 singulorum
572 2277 726 2354 excusari,
751 2275 782 2337 id
801 2277 872 2356 jure
896 2276 935 2336 de
958 2273 1081 2338 Tibullo
1105 2275 1207 2338 dicere
1230 2275 1313 2338 licet.
1349 2279 1382 2339 ln

156 2380 275 2460 magnis
298 2380 453 2442 erroribus
476 2413 518 2424 -
541 2379 608 2459 quis
632 2379 714 2439 enim
748 2379 813 2440 sine
847 2397 964 2440 nausea
997 2379 1037 2441 de
1061 2379 1200 2441 Marathe
1234 2371 1383 2460 cogitabit

154 2513 197 2527 -—
219 2487 322 2544 tamen
345 2501 454 2565 puram
477 2482 602 2544 Tibullo
625 2469 760 2544 mentem
784 2482 890 2564 luisse,
925 2501 1059 2562 cumque
1089 2489 1120 2544 et
1141 2482 1330 2544 intellexisse
1353 2488 1384 2544 et

155 2585 258 2647 animo
282 2587 425 2664 sensisse,
451 2585 525 2665 quid
548 2585 587 2646 sit
617 2584 747 2646 alterum
777 2591 841 2648 toto
871 2591 997 2667 pectore
1027 2604 1144 2665 amare,
1180 2584 1211 2645 id
1247 2585 1383 2647 maxime

154 2707 196 2748 ax
217 2688 254 2751 iis
277 2688 395 2768 elegiis,
420 2706 496 2768 quas
520 2687 559 2748 de
583 2686 672 2749 Delia
694 2707 750 2748 sua
772 2689 906 2770 scripsit,
931 2689 1044 2756 elucet.
1101 2687 1163 2750 Sed
1186 2708 1289 2748 rursus
1313 2695 1380 2749 erat

153 2790 190 2852 in
212 2789 335 2852 Tibullo
358 2790 492 2869 quodam
517 2789 609 2852 modo
633 2788 781 2868 quiddam
806 2792 918 2853 veteris
936 2791 1146 2854 Romanorum
1168 2792 1295 2872 ingenii,
1320 2808 1381 2870 quo

154 2892 352 2972 factumest,
378 2900 410 2955 ut
432 2893 593 2955 Romanae
621 2893 733 2954 indolis
764 2895 894 2973 vestigia
927 2894 957 2954 in
990 2879 1097 2975 elegiis
1127 2898 1193 2976 ejus
1223 2894 1313 2955 facile
1336 2913 1381 2955 re-

154 2995 269 3076 perias.
315 2994 383 3071 Quo
406 3002 473 3056 erat
496 2997 561 3057 miti
592 3001 623 3057 et
655 2995 781 3076 placido
814 2997 953 3077 ingenio,
979 2995 1055 3056 ruris
1078 2996 1328 3076 tranquillitatem
1352 3002 1383 3058 et
1497 3057 1500 3062 .

155 3079 426 3178 pulchritudinem,
458 3106 491 3158 ut
514 3104 634 3160 veteres
663 3099 707 3159 illi
740 3099 907 3179 agricolae,
943 3118 1020 3178 quos
1054 3098 1131 3160 Cato
1165 3100 1250 3164 solos
1283 3095 1382 3162 bonos

155 3200 237 3261 viros
260 3219 328 3262 esse
350 3199 565 3282 praedicabat,
596 3201 639 3262 ita
662 3208 746 3261 amat
774 3207 805 3264 et
836 3201 942 3266 laudat
975 3221 1037 3264 non
1070 3185 1144 3264 sine*
1169 3183 1319 3283 religione
1351 3207 1383 3262 et

132 3303 280 3390 ,antiqua
304 3296 431 3365 deorum
456 3303 664 3382 verecundia,
689 3322 844 3384 nunquam
868 3304 1034 3367 lasciviens
1057 3306 1237 3388 simpliciter
1260 3311 1291 3368 et
1305 3286 1379 3367 vere

153 3424 273 3468 amores
297 3407 482 3488 doloresque
504 3425 575 3468 suos
597 3408 753 3488 praesenti
787 3414 818 3469 et
851 3408 972 3471 ardenti
1004 3428 1097 3470 sensu
1130 3410 1173 3470 ita
1204 3405 1380 3491 perscribit,

153 3515 185 3574 ιιι
208 3511 301 3571 animi
330 3509 499 3572 bonitatem
531 3510 646 3589 ubique
679 3509 862 3591 perspicias.
920 3504 962 3572 Ut
995 3516 1042 3573 est
1067 3505 1169 3572 'homo
1203 3511 1374 3589 Romanus,

56 3634 58 3638 ·
154 3611 323 3674 doctrinam
348 3612 629 3675 Alexandrinorum
652 3632 671 3672 a
693 3632 727 3673 se
750 3605 881 3675 alienam
912 3614 943 3673 in
972 3613 1009 3675 iis
1043 3613 1149 3696 elegiis
1179 3632 1303 3696 prorsus
1327 3612 1382 3674 de-

151 3715 266 3794 posuit,
291 3733 368 3795 quas
390 3722 492 3779 aetate
514 3717 708 3798 provectiore
731 3715 816 3778 fecit.
873 3716 962 3777 Haeo
996 3735 1070 3779 vcro
1101 3723 1148 3779 est
1171 3737 1219 3779 ars
1241 3717 1382 3800 perlecta
1482 3747 1486 3751 ·

152 3816 277 3896 Tibulli,
303 3825 335 3880 ut
358 3819 498 3900 quamvis
522 3819 675 3881 contraria
692 3821 804 3900 jungat
828 3820 965 3883 variante
989 3821 1082 3882 animi
1106 3827 1203 3900 motu,
1234 3819 1381 3882 adolorc

121 3920 191 3982 =ad
214 3921 373 4002 gaudium,
403 3923 645 4004 aquerimoniis
674 3922 714 3984 ad
748 3923 898 3985 solamina
932 3925 1113 4006 saepissime
1137 3923 1377 4003 transgrediens,

151 4033 307 4103 nunquam
332 4026 524 4112 concinnitas
548 4026 694 4088 orationis
718 4025 919 4089 desideretur.
973 4025 1051 4088 Cum
1077 4018 1125 4088 his
1149 4025 1290 4090 omnibus
1314 4035 1380 4086 ver-

152 4145 203 4186 sus
225 4129 380 4190 consentit
402 4127 502 4190 dulcis
524 4135 556 4191 et
578 4129 685 4191 sedate
708 4128 819 4203 fluens,
844 4128 1025 4210 plerumque
1047 4129 1092 4192 ita
1112 4128 1269 4210 dispositis
1294 4127 1377 4188 disti-

152 4227 230 4308 chis,
256 4237 289 4291 ut
311 4231 390 4293 intra
413 4232 602 4313 singulorum
626 4231 702 4294 fines
726 4231 929 4312 cogitationes
952 4230 1162 4295 absolvantur.

238 4331 288 4397 Ab
312 4333 372 4396 hoc
394 4335 486 4418 longe
509 4335 651 4398 diversus
673 4336 851 4418 Propertius
882 4340 985 4397 tamen
1008 4336 1114 4398 nescio
1144 4353 1183 4396 an
1216 4334 1289 4395 artis
1312 4352 1380 4415 per·

151 4433 285 4498 sectione
308 4437 338 4499 ei
361 4455 422 4498 non
446 4438 548 4502 cedat.
593 4439 641 4500 lta
665 4437 890 4513 Quinctilianus
913 4439 1008 4500 etiam
1031 4435 1086 4522 (X.
1107 4436 1138 4515 1,
1158 4437 1234 4517 93):
1260 4435 1382 4520 „elegia

152 4555 276 4620 quoque
300 4539 438 4603 Graecos
460 4559 679 4623 provocamus,
705 4543 791 4623 cujus
817 4541 889 4603 mihi
911 4548 1011 4606 tersus
1041 4546 1073 4602 et
1095 4540 1221 4621 elegans
1246 4538 1381 4600 maxime

152 4641 271 4702 videtur
294 4652 401 4704 auctor
424 4643 582 4722 Tibullus,
607 4652 688 4722 sunt,
713 4647 764 4723 qui
790 4644 980 4724 Propertium
1005 4640 1146 4707 rnalint.“
1195 4643 1251 4703 Est
1273 4648 1379 4703 autem
