3342 5532
861 417 1008 478 ..ng-..

323 609 471 672 Amorum
493 604 562 666 libri
586 601 666 665 tertii
678 604 813 666 carmine
837 623 918 668 nono
934 606 1099 687 deplorat'
1125 605 1156 666 Ιε
1170 601 1398 664 Alexandrinos
1422 593 1549 662 secutus

322 712 451 792 elegiam
492 708 671 768 amatoriam
720 706 779 768 sibi
823 708 929 787 elegit,
971 725 1157 788 quamquam
1192 706 1418 786 Panegyricum
1453 704 1546 766 etiam

321 816 352 877 in
381 814 515 875 amicum
549 830 636 872 suurn
672 810 714 870 M.
751 810 910 872 Valerium
946 811 1109 873 Messalam
1145 809 1312 893 Corvinum
1346 807 1546 886 hexametris,

321 925 429 998 (quern
458 921 561 976 tamen
594 913 703 975 librum
736 912 849 976 Tibulli
873 933 935 974 non
969 933 1036 974 esse
1061 912 1287 974 contenderunt
1319 911 1481 989 nonnulli),
1519 917 1549 972 ct

223 1085 224 1090 ,
321 1021 450 1101 elegiam
462 1019 494 1078 in
513 1015 653 1098 ejusdem
665 1015 818 1076 Messalae
836 1015 1052 1097 triumphantis
1069 1015 1217 1076 honorem
1241 1014 1283 1093 (l,
1308 1011 1343 1091 Ι7)
1364 1015 1545 1094 composuit.

323 1122 466 1183 Ceterum
479 1120 542 1182 vita
554 1100 667 1181 Tibulli
690 1116 779 1180 nobis
794 1136 902 1198 parum
922 1119 1046 1197 cognita
1068 1123 1137 1196 est3
1162 1136 1282 1178 amores
1303 1135 1372 1177 eum
1390 1114 1547 1191 habuisse,

322 1230 355 1284 ut
377 1230 450 1284 tunc
474 1223 566 1282 moris
589 1226 666 1299 erat,
692 1220 957 1301 plures„Deliam
976 1223 1066 1298 (vero
1094 1221 1219 1280 nomine
1243 1215 1410 1300 Flauiam),
1435 1204 1558 1279 deinde‘

322 1326 479 1393 Nemesin,
506 1344 546 1384 ex
569 1321 755 1382 carminibus
778 1324 998 1403 conspicuum,
1032 1325 1151 1384 tertiam
1175 1321 1319 1392 Horatius
1342 1319 1417 1397 (od.
1442 1319 1467 1380 Ι.
1493 1320 1547 1400 33,

320 1427 355 1510 2)
378 1427 466 1487 addit
490 1425 538 1487 vel
562 1424 679 1486 addere
709 1424 829 1486 videtur
853 1425 1033 1504 Glyceram.
1089 1425 1266 1486 carminum
1299 1442 1379 1503 quae
1410 1422 1550 1498 dicuntur

322 1529 434 1590 Tibulli
457 1529 552 1590 libros
576 1527 618 1587 lV
642 1526 804 1604 habemus,
828 1547 957 1608 quorum
982 1529 1153 1609 carminum
1182 1545 1326 1588 numerus
1356 1532 1403 1586 est
1426 1525 1550 1604 triginta

322 1638 453 1713 septem.
499 1630 561 1691 Sed
585 1647 698 1708 magua
720 1627 776 1690 suit
805 1631 885 1690 inter
907 1631 989 1690 viros
1012 1630 1121 1691 doctos
1151 1609 1315 1705 dissensio,
1346 1625 1419 1688 num
1449 1633 1552 1688 essent

322 1737 425 1795 omria
447 1732 573 1808 Tibulli,
599 1751 636 1792 an
659 1731 805 1792 nonnulla
818 1733 970 1814 quaedam
995 1733 1061 1793 aliis
1085 1731 1258 1794 tribuenda.
1305 1731 1443 1792 Tertium
1468 1730 1549 1790 enim

321 1836 430 1902 librum
455 1854 515 1895 non
539 1856 558 1895 a
580 1831 803 1912 Tibullo,sed
824 1836 864 1897 ab
888 1853 938 1914 ec,
975 1837 1027 1915 qui
1057 1835 1157 1914 elegia
1188 1833 1323 1896 secunda
1357 1832 1549 1913 Lygdamum

322 1958 355 1999 se
379 1957 447 1998 csse
466 1937 533 2018 ipse
552 1937 679 2014 indicat,
704 1938 850 2018 scriptum
872 1940 1014 2018 essejam
1027 1938 1155 1999 Vossius
1176 1939 1348 2019 suspicatus
1369 1941 1435 2014 eat3
1460 1955 1550 2017 quern

324 2041 423 2102 secuti
452 2042 652 2116 recentiores,
687 2039 826 2120 inprimis
856 2039 1016 2100 Disaenius
1039 2041 1090 2115 (in
1118 2040 1287 2122 prolegg.),
1317 2037 1549 2119 Hertzbergius,

241 2189 244 2196 .
322 2143 479 2221 Ebertius,
512 2143 574 2203 alii.
630 2141 892 2222 Diligentissimus
924 2144 1132 2222 elegiaoorum
1164 2143 1365 2220 investigator
1394 2141 1552 2223 Gruppius
1580 2207 1585 2212 ,

320 2246 446 2324 librum,
482 2245 521 2305 de
545 2262 606 2324 quo
636 2244 802 2323 quaeritur,
834 2246 911 2305 miro
937 2245 1028 2306 modo
1061 2243 1174 2306 Ouidio
1202 2243 1322 2322 tribuit,
1352 2243 1553 2306 vehementer

321 2353 511 2428 repugnante
547 2345 750 2425 Hertzbergio
781 2332 952 2428 (Hall'ische
974 2346 1085 2413 Jahrb.
1121 2343 1231 2430 1839).
1290 2351 1329 2408 Et
1362 2346 1440 2407 sicut
1471 2348 1553 2408 iuter

321 2450 484 2530 plerosque
514 2449 557 2508 ita
585 2448 770 2510 convenisse
801 2447 935 2525 videtur,
968 2456 1001 2509 ut
1030 2450 1144 2512 Tibulli
1177 2469 1246 2511 esse
1279 2449 1391 2510 librum
1425 2451 1546 2512 tertium

320 2559 446 2630 negent,
483 2552 565 2631 quod
600 2556 665 2611 tata
699 2553 766 2630 ejus
803 2550 872 2613 libri
904 2551 1024 2613 indoles
1056 2570 1075 2610 a
1104 2551 1227 2616 Tibullo
1257 2550 1349 2612 ualde
1382 2551 1547 2615 abhorreat

319 2649 505 2734 ingenioque
525 2656 592 2734 ejus
612 2659 775 2733 repugnet,
799 2655 843 2715 ita
861 2655 968 2730 negari
980 2673 1041 2714 non
1053 2660 1168 2735 potest,
1192 2673 1283 2715 versu
1295 2653 1550 2734 duodevigesimo

206 2791 210 2804 »
320 2759 439 2836 elegiae
463 2757 599 2836 quintae,
625 2755 678 2819 ubi
702 2774 731 2816 a.
758 2776 788 2820 u.
812 2754 873 2816 711
900 2763 1007 2817 auctor
1030 2762 1191 2818 senatum
1219 2775 1287 2817 esse
1309 2756 1438 2835 indicat,
1465 2757 1549 2836 quod

260 2884 272 2891 ,
318 2864 349 2922 in
374 2858 649 2927 Tibulliaetatem‘
670 2858 752 2918 nullo
776 2858 868 2920 modo
891 2858 1022 2940 quadrat
1053 2894 1079 2904 -
1109 2860 1252 2940 quoniam
1284 2859 1367 2919 nulla
1389 2865 1436 2921 est
1458 2878 1551 2920 causa

320 2981 374 3022 our
397 2961 477 3022 hunc
500 2961 598 3022 solum
624 2981 746 3024 versum
771 2962 810 3037 ab
830 2963 891 3024 alio
913 2964 1062 3024 intrusum
1087 2982 1156 3025 esse
1179 2967 1362 3039 statuamus,
1387 2967 1420 3022 ut
1443 2962 1549 3023 volue-

319 3070 390 3125 runt
411 3044 608 3126 nonnulli—
634 3066 707 3125 satis
725 3065 886 3126 evidenter
912 3065 1050 3147 probari,
1076 3072 1171 3127 totum
1204 3066 1314 3126 librum
1337 3065 1462 3126 tertium
1487 3084 1548 3125 non

319 3166 432 3228 Tibulli
455 3173 532 3246 opus
555 3164 610 3226 sed
633 3167 712 3227 alius
734 3174 847 3248 poetae
870 3168 995 3228 minoris
1024 3173 1097 3228 natu
1121 3174 1152 3229 et
1175 3169 1301 3229 minoris
1321 3168 1446 3247 ingenio
1469 3185 1547 3230 esse.

320 3267 440 3328 Deinde
471 3267 542 3328 libri
573 3269 675 3346 quarti
698 3270 938 3348 Panegyricum,
974 3276 1006 3331 ut
1036 3270 1160 3332 videtur
1193 3271 1259 3331 sine
1291 3289 1397 3348 causa,
1428 3269 1551 3330 Tibullo

319 3369 501 3450 abjudicare
514 3369 648 3430 nonnul'i
663 3371 766 3432 conati
789 3377 878 3448 sunt3
903 3370 1037 3453 denique
1057 3372 1195 3452 ejusdem
1208 3371 1278 3434 libri
1291 3373 1407 3452 elegiae
1425 3380 1549 3449 octava,

319 3492 412 3552 nona,
445 3473 579 3550 decima,
613 3473 788 3553 undecima,
826 3473 1017 3536 duodecima
1040 3474 1196 3556 Sulpiciae
1229 3476 1389 3556 cujusdam
1413 3475 1551 3555 poetriae

264 3585 268 3594 '
320 3595 388 3637 csse
411 3597 492 3637 nuuc
516 3576 608 3654 vulgo
632 3577 859 3639 existimantur.

403 3677 525 3737 Tibullo
549 3678 660 3755 minor,
687 3677 800 3739 Ovidio
833 3683 936 3759 major·
961 3687 1033 3740 natu
1058 3679 1170 3740 Sextus
1193 3681 1370 3762 Propertius
1399 3680 1466 3757 fuit,
1498 3680 1551 3760 qui

318 3797 378 3858 quo
402 3798 482 3839 anuo
506 3780 590 3839 etin
614 3797 674 3859 qua
698 3780 951 3855 urbe(Assisiil)
975 3789 1064 3842 uatus
1084 3783 1143 3859 sit,
1157 3799 1213 3860 pro
1230 3787 1314 3848 certo
1334 3779 1465 3842 indicari
1488 3801 1548 3842 nou

317 3888 436 3962 potest3
461 3881 515 3941 sed
538 3881 596 3942 tuit
619 3901 658 3941 ex
684 3880 810 3943 Umbria
843 3883 1001 3945 oriundus.
1056 3881 1183 3944 Amicus
1213 3889 1278 3943 erat
1309 3880 1412 3943 Ovidii
1437 3883 1546 3962 (Trist.

317 3984 371 4045 lv.
397 3983 449 4060 10,
475 3982 550 4062 45);
574 3984 605 4042 in
637 3981 761 4044 domurn
787 3983 975 4046 Maecenatis
998 3985 1191 4046 introductus
1220 3991 1267 4047 eat
1297 3991 1328 4046 et
1355 4005 1455 4069 prope
1478 4005 1547 4046 eum

317 4086 468 4146 habitavit
490 4091 521 4148 in
545 4084 704 4165 Esquiliis.
751 4087 853 4148 Tanto
878 4087 976 4167 magis
999 4093 1047 4149 est
1069 4089 1257 4166 mirandum,
1282 4089 1366 4168 quod
1391 4109 1546 4169 nunquam

317 4209 418 4268 neque
440 4189 507 4268 ipse
536 4187 695 4249 Horatium
730 4209 830 4271 neque
864 4209 932 4250 eum
967 4191 1113 4252 Horatius
1141 4211 1182 4252 ne
1212 4209 1273 4251 uno
1305 4192 1429 4272 quidem
1453 4191 1547 4252 verbo

319 4298 554 4354 commemorat.
601 4291 716 4351 Sanum
742 4292 861 4354 Horatii
887 4293 1037 4372 judicium
1069 4313 1138 4354 cum
1162 4294 1313 4374 Propertii
1342 4294 1547 4356 adolescentis

317 4393 493 4456 turbulenta
516 4399 700 4475 tempestate
722 4415 830 4477 parum
853 4398 1046 4458 consensisse
1069 4403 1153 4458 recte
1176 4396 1349 4478 suspicatur
1366 4396 1545 4459 Teuffelius.

318 4495 381 4558 Sed
405 4516 444 4558 ne
468 4495 582 4558 Tibulli
605 4497 730 4577 quidem
755 4499 941 4559 mentionem
972 4498 1048 4560 lacit
1069 4499 1246 4580 Propertius
1278 4497 1322 4582 (v.
1347 4501 1388 4561 sis
1410 4500 1451 4577 ll,
1476 4499 1545 4572 al).

316 4597 449 4660 Videtur
484 4598 576 4660 fuisse
610 4600 731 4661 infirma
767 4600 963 4680 valetudine,
1008 4593 1137 4664 mortem
1181 4609 1408 4686 praematuram
1445 4601 1546 4666 animo
