3342 5532
844 413 991 488 ..4.-

302 635 370 682 esse
388 614 612 702 jamviderint
635 609 776 677 Romani.
830 613 1023 700 hrctioribus
1046 615 1137 693 igitur
1159 612 1271 676 finibus
1294 603 1529 672 determinanda

301 722 394 787 nobis
417 727 464 783 est
486 722 570 782 notio
593 718 712 800 elegiae
735 717 958 794 Romanorum,
983 724 1016 777 ut
1038 716 1128 777 metri
1151 719 1352 796 praeceptum
1383 712 1459 774 illud
1482 729 1526 772 re·

300 826 435 890 tinentes
458 823 505 887 his
529 819 743 883 tantummodo
771 817 893 899 elegiae
924 835 1036 880 nomen
1065 818 1285 898 relinquamus,
1317 833 1400 896 quae
1429 813 1527 893 lyrico

300 931 480 1008 argumento
503 945 521 986 a
543 922 683 986 distichis
707 921 878 1001 didacticia,
911 921 1028 982 ambitu
1052 921 1186 1000 quodam
1218 925 1250 982 et
1280 920 1465 981 anctoritate
1487 915 1526 978 ab

299 1030 528 1111 epigrammatis
559 1034 592 1087 et
613 1014 866 1105 inscriptionibus
896 1022 1151 1103 distinguantur„
1191 1023 1253 1084 Sed
1288 1023 1373 1084 uotio
1407 1020 1526 1100 elegiae

264 1137 267 1141 “
298 1131 456 1212 quaesit,
482 1129 599 1210 quanto
622 1126 743 1208 longius
766 1125 906 1208 procedit
934 1127 1002 1206 ipsa
1025 1126 1191 1206 disputatio
1213 1131 1331 1206 nostra,
1355 1130 1440 1185 tanto
1464 1141 1524 1183 me·

297 1234 354 1294 lius
376 1232 590 1296 illustrabitur.

381 1336 436 1396 His
459 1335 551 1397 rebus
580 1332 768 1414 praemissis,
800 1332 981 1412 priusquam
1014 1330 1054 1392 de
1090 1330 1237 1412 peculiari
1269 1328 1387 1409 elegiae
1421 1328 1524 1389 indole

297 1436 378 1519 apud
413 1437 570 1499 Romanos
608 1436 711 1497 dicere
742 1433 901 1513 incipiam,
938 1433 1096 1494 historiam
1130 1434 1198 1513 ejus
1231 1433 1339 1513 paucis
1374 1431 1524 1493 disserere

296 1537 377 1600 haud
400 1558 419 1599 a
441 1559 474 1600 re
497 1539 629 1599 alienum
654 1556 722 1599 esse
743 1537 930 1618 putaverim.
984 1534 1031 1596 Ita
1053 1535 1134 1596 enim
1157 1533 1257 1616 ipsam
1281 1534 1365 1595 illam
1387 1534 1523 1596 indolem

296 1642 405 1702 melius
427 1641 559 1720 intelligi
582 1660 674 1723 posse
696 1639 803 1702 credo.
862 1638 1079 1700 Totam-vero
1107 1638 1237 1718 lyricam
1260 1637 1342 1717 apud
1365 1637 1522 1698 Romanos

293 1745 428 1824 poesim,
453 1743 535 1823 quod
560 1763 579 1804 a
600 1744 701 1822 gentis
728 1742 855 1822 ingenio
886 1760 1009 1821 prorsus
1040 1739 1245 1822 abhorruerit,
1281 1758 1299 1799 a
1330 1739 1458 1805 Graecis
1491 1747 1522 1801 et

293 1848 464 1908 imitatione
488 1845 679 1907 Graecorum
702 1846 733 1905 in
758 1844 933 1905 uuiversum
956 1843 1108 1924 pendere,
1132 1843 1328 1904 notissimum
1352 1847 1410 1904 est.
1454 1840 1521 1916 Quo

293 1947 406 2008 sactum
436 1953 494 2028 est,
530 1955 563 2008 ut
591 1967 661 2010 sero
692 1945 872 2026 admodum,
909 1963 1001 2024 quum
1035 1947 1098 2025 jam
1135 1944 1326 2007 Graecorum
1361 1945 1457 2009 literis
1491 1952 1521 2006 et

274 2049 457 2132 disciplina
479 2050 588 2112 imbuti
611 2055 726 2129 esseut,
759 2031 892 2110 Romani
925 2046 973 2108 his
1002 2048 1110 2110 studiis
1141 2050 1329 2112 vacaverint.
1387 2048 1519 2109 Facilius

292 2158 396 2214 tamen
429 2152 504 2214 illud
539 2151 751 2233 breviorisque
785 2152 925 2233 ambitus
951 2169 1064 2230 genus
1083 2142 1335 2231 epigrammatis,
1374 2149 1455 2231 quod
1490 2158 1521 2213 et
1622 2201 1625 2206 .

289 2254 389 2334 ipsum
413 2254 452 2315 ad
475 2254 617 2314 melicum
641 2254 761 2335 poesim
785 2255 931 2335 pertinet,
956 2252 1027 2313 iude
1051 2251 1091 2315 ab
1109 2253 1204 2314 ltlnnii
1222 2253 1419 2335 temporibus
1435 2273 1517 2314 usur·

288 2361 394 2436 patum
418 2375 486 2418 esse
504 2359 571 2436 jam
603 2374 695 2436 supra
726 2355 802 2416 dixi.
860 2355 970 2436 Neque
1003 2357 1035 2416 in
1069 2357 1278 2437 sepulcrorum
1315 2357 1517 2417 monumentis
1587 2438 1592 2447 Ι

289 2453 407 2536 solum3
442 2458 497 2520 sed
530 2477 603 2520 vera
637 2459 729 2519 ctiam
760 2458 898 2519 carmina
927 2458 1194 2540 epigrammatica,
1224 2459 1334 2539 partim
1358 2459 1514 2539 gnomica,

288 2562 399 2641 partim
424 2563 586 2638 amatoria,
613 2562 679 2640 jam
711 2561 804 2642 priori
834 2567 924 2642 parte
958 2560 1074 2621 saeculi
1108 2559 1192 2622 urbis
1227 2562 1349 2642 septimi
1374 2561 1516 2623 Valerius

289 2663 456 2743 Aedituus,
488 2664 615 2724 Porcius
639 2663 778 2740 Licinus,
813 2661 943 2736 Quintus
975 2661 1122 2743 Catulus,
1155 2661 1313 2736 Quinctius
1336 2661 1428 2744 Atta,
1464 2664 1515 2724 alii

287 2753 440 2845 aequales
456 2765 572 2826 Lucilio
596 2765 808 2845 composuisse
831 2764 986 2838 dicuntur.
1047 2763 1108 2825 Sed
1132 2784 1226 2826 verae
1249 2771 1280 2827 et
1302 2767 1445 2847 propriae
1468 2786 1514 2826 ar-

286 2867 323 2927 tis
346 2867 462 2946 lyricae
485 2866 573 2927 initia
596 2882 658 2928 non
682 2873 754 2927 ante
774 2865 933 2928 Ciceronis
951 2871 1092 2948 tempora
1115 2849 1291 2947 occurrunt,
1316 2886 1418 2948 neque
1442 2876 1513 2929 tuuc

286 2968 410 3047 quidem
441 2969 498 3029 nisi
529 2969 691 3050 posteriori
721 2969 801 3029 illius
836 2970 953 3030 saeculi
985 2968 1125 3053 purte1).
1183 2969 1317 3031 Omnino
1350 2973 1512 3050 postremis

284 3071 398 3131 liberae
421 3070 609 3151 reipublicae
642 3071 834 3153 temporibus
861 3073 905 3132 ita
932 3072 1104 3132 invaluerat
1127 3072 1208 3152 apud
1232 3072 1388 3131 Romanos
1414 3070 1511 3132 Grae·

283 3191 387 3232 carum
411 3172 568 3233 literarum
593 3174 756 3252 omnisque
786 3172 922 3235 liberalis
947 3172 1107 3234 doctrinae
1129 3172 1271 3251 scientia,
1296 3177 1329 3233 ut
1352 3173 1444 3233 etiam
1469 3175 1508 3235 ad

283 3274 402 3354 poesim
426 3274 616 3353 aliquantum
640 3274 720 3334 illius
741 3275 891 3336 ubertatis
915 3273 1115 3354 redundaret,
1140 3293 1271 3338 necesse
1293 3281 1385 3338 esset.
1434 3275 1530 3338 Οτι]-ι

284 3395 337 3437 nes
366 3376 431 3437 iere
461 3374 621 3454 homines,
657 3375 708 3456 qui
742 3370 858 3437 artibus
880 3382 925 3437 vet
957 3376 1052 3438 literis
1085 3377 1196 3438 eruditi
1226 3375 1286 3438 sibi
1320 3378 1509 3456 viderentur,

283 3487 354 3539 tunc
377 3497 483 3539 versus
516 3478 618 3540 facere
649 3478 854 3556 conabantur,
892 3479 1026 3542 maxime
1059 3481 1196 3540 carmina
1229 3482 1404 3560 amatoria,
1430 3501 1509 3562 quae

282 3598 372 3640 nemo
396 3600 429 3641 se
452 3583 554 3642 lacere
578 3598 639 3641 uou
662 3598 755 3663 posse
777 3581 974 3660 opinabatur.
1029 3581 1232 3645 imitabantur
1265 3588 1367 3645 autem
1400 3591 1509 3665 poetas

303 3853 324 3915 ¹)
353 3849 594 3904 Commemoratur
616 3865 682 3905 sans
707 3849 821 3904 Laevius
840 3851 967 3918 quidam,
991 3851 1219 3922 Erotopaegnion
1237 3857 1333 3906 auctor
1354 3854 1413 3923 (ap.
1444 3851 1506 3908 Gel-

347 3936 416 3988 lium
433 3935 469 3995 11.
487 3935 530 4004 24,
550 3938 575 4004 8,
595 3915 688 4002 alios),
708 3936 742 3990 da
760 3939 838 4005 cujus
859 3941 948 3991 aetate
967 3935 1133 3991 dissentiunt
1150 3941 1202 3991 viri
1221 3938 1301 4008 docti,
1320 3939 1367 3992 alii
1386 3954 1449 3992 eum
1468 3939 1503 3992 ad

347 4019 455 4089 Lucilii,
476 4022 523 4074 alii
546 4021 582 4072 ad
606 4020 754 4090 Pomponii
777 4028 895 4076 aetatem
913 4023 1078 4092 referentes,
1099 4023 1198 4076 deiude
1215 4023 1252 4084 11.
1271 4024 1370 4080 Furius
1390 4023 1505 4076 Bibacu-

346 4105 389 4158 lus
408 4107 443 4172 (a.
464 4123 491 4165 u.
511 4109 560 4160 651
579 4109 687 4171 natus),
713 4123 795 4174 quem
814 4109 924 4177 stringit
950 4109 994 4162 rel
1013 4109 1110 4162 saltem
1129 4107 1273 4163 strinxisse
1292 4110 1401 4163 ridetur
1419 4109 1505 4162 Hora·

348 4193 401 4244 tius
422 4190 499 4254 (Sat.
519 4191 553 4259 ll,
571 4196 598 4260 5,
618 4196 644 4244 et
662 4196 731 4246 teste
750 4193 862 4248 Acrona
887 4194 970 4246 etiam
990 4194 1011 4261 l,
1033 4195 1090 4262 10),
1109 4195 1265 4248 iamborum
1284 4195 1406 4248 earmina
1424 4194 1505 4248 male·

345 4274 405 4328 dica
423 4279 580 4345 composuit
602 4276 653 4329 ille
671 4277 798 4346 quidem3
828 4279 945 4345 legimus
970 4281 1052 4334 etiam
1080 4280 1116 4333 ds
1140 4278 1278 4333 Varronis
1301 4280 1410 4334 Reatini
1431 4280 1503 4334 libro

345 4361 463 4428 po'e'tieo,
484 4363 533 4430 qui
550 4361 630 4428 lyrici
649 4364 806 4431 argumenti
823 4363 910 4416 fuisse
928 4363 1037 4419 videtur
1056 4365 1162 4430 (Dium.
1184 4365 1196 4417 l
1213 4382 1240 4434 p.
1261 4366 1311 4420 895
1330 4365 1374 4421 ed.
1394 4367 1447 4434 P.),
1468 4365 1502 4419 de

343 4447 432 4514 ipsius
452 4445 592 4501 Ciceronis
612 4448 701 4517 elegia
726 4463 743 4502 a
760 4447 859 4504 Servio
879 4455 1095 4504 commemorata
1111 4450 1157 4519 (ad
1177 4448 1235 4504 Ecl.
1255 4451 1277 4519 l,
1300 4452 1351 4519 58),
1371 4451 1405 4505 de
1424 4452 1497 4504 Hor-

343 4533 424 4585 tensii
443 4534 560 4586 oratoris
584 4533 752 4588 carminibus
772 4536 926 4595 amatoriis.
971 4535 1027 4590 Sed
1051 4541 1143 4589 tamen
1162 4539 1293 4590 extremis
1312 4536 1369 4590 iere
1390 4536 1499 4591 Cicero·

343 4618 384 4670 nis
401 4602 575 4688 temporibus
587 4620 705 4688 primum
723 4621 751 4672 in
760 4621 840 4689 poesi
850 4620 938 4688 lyrica
949 4621 1051 4691 aliquid
1063 4623 1217 4692 proiectum
1229 4639 1288 4677 esse
1298 4624 1367 4676 satis
1378 4627 1497 4677 constat.
