3342 5532
833 471 976 530 ,6...

289 673 429 750 tempora
452 665 529 728 vixit
551 699 589 708 -
616 670 648 726 ut
677 662 716 726 dc
740 660 850 723 Ticida
879 659 950 738 (Ov.
977 659 1069 719 Trist.
1095 657 1136 736 ll,
1166 657 1243 736 483)
1268 659 1387 720 taceam
1413 692 1454 701 -
1477 640 1513 718 (Ἢ

288 771 425 833 Licinius
449 768 553 828 Macer
576 766 702 844 Calvus,
728 765 844 825 amicus
866 763 988 840 Catulli,
1013 761 1093 822 filius
1116 761 1266 822 notissimi
1290 761 1384 842 patris
1407 759 1516 820 Licinii

289 873 384 934 llacri
408 870 563 932 annalium
586 869 734 946 auctoris,
757 866 933 928 felicissimo
963 865 1088 945 ingenio
1117 863 1278 945 praeditus
1301 870 1332 925 et
1361 869 1464 925 orator
1485 870 1517 923 et

288 981 393 1058 potata,
418 991 436 1046 a
460 972 583 1036 Catullo
612 976 739 1053 propter
768 968 915 1030 humilem
948 973 1095 1029 staturam
1132 968 1269 1048 corporis
1301 966 1514 1052 ⁸„salaputium

207 1113 210 1120 »
270 1074 458 1140 .discrtum“
482 1075 557 1136 satis
580 1073 684 1156 lepide
707 1058 879 1153 appellatus
903 1070 1018 1148 (Catnl.
1050 1071 1102 1149 53,
1129 1069 1173 1154 5).
1221 1068 1316 1150 Cujus
1329 1056 1517 1130 commemo·

288 1188 393 1242 rantur
415 1197 476 1240 non
500 1176 598 1240 solum
623 1177 847 1257 epigrammata
876 1193 894 1234 a
927 1173 1077 1236 Suetonio
1112 1175 1207 1250 (Caes.
1232 1171 1300 1252 73),
1336 1173 1389 1234 sed
1425 1174 1515 1234 etiam

289 1284 427 1345 carmina
449 1280 600 1342 amatoria
623 1279 662 1344 ab
687 1276 800 1338 Ovidio
823 1278 933 1354 (Trist.
958 1276 997 1354 Il,
1022 1275 1100 1355 431)
1133 1284 1164 1338 ct
1187 1277 1345 1359 Propertio
1369 1275 1437 1351 (ΙΙΙ.
1461 1275 1515 1352 25,

276 1384 336 1463 ’4)
383 1383 470 1458 Quae
491 1385 557 1462 ejus
577 1382 747 1444 carminum
761 1379 841 1461 apud
856 1379 1028 1441 Charisium
1042 1385 1160 1441 restant
1170 1381 1354 1461 fragmenta,
1379 1378 1517 1458 elegiaca

290 1506 358 1549 erse
370 1484 518 1549 contendi
536 1480 678 1566 video‘2).
725 1483 830 1544 Fuisse
847 1481 956 1568 dicitur
977 1482 1091 1546 Calvus
1109 1483 1171 1544 acri
1195 1490 1226 1543 et
1247 1481 1368 1544 fervido
1380 1481 1515 1561 ingr-nio,

290 1599 321 1655 ct
343 1589 442 1650 amori
464 1595 495 1650 et
518 1589 590 1648 odio
613 1587 687 1648 satis
711 1592 796 1667 apto,
830 1603 890 1666 qua
919 1605 953 1646 re
983 1592 1068 1647 tanta
1102 1605 1170 1647 curn
1196 1583 1310 1650 Catulli
1340 1583 1464 1666 ingenio
1488 1589 1519 1662 at

291 1691 427 1755 muribus
449 1689 650 1770 congruentia
672 1688 755 1748 lacta
778 1693 836 1767 est,
861 1691 893 1748 ut
915 1689 1055 1749 intimam
1085 1688 1178 1752 fuisse
1200 1708 1306 1751 eorum
1337 1688 1517 1766 amicitiam,

290 1816 330 1859 ex
352 1792 538 1855 carminibus
563 1790 675 1853 Catulli
697 1792 904 1871 perspicuam,
930 1791 1021 1852 facile
1045 1790 1221 1856 credamus.
1267 1791 1344 1852 Sunt
1367 1791 1419 1870 qui
1444 1789 1516 1850 Oas-

290 1898 366 1960 sium
397 1890 489 1960 etinnr
521 1894 731 1973 Parmensem,
767 1891 807 1954 ab
842 1891 970 1954 Horatio
1005 1892 1228 1979 (lapistus,
1264 1893 1298 1978 3)
1332 1911 1516 1954 commemo-

291 2008 404 2078 ratum,
439 1997 555 2077 elegias
598 1997 757 2078 scripsisse
791 1996 977 2061 existiment.
1024 1996 1086 2059 Sed
1120 2034 1156 2044 -
1186 2004 1224 2058 ut
1246 2000 1312 2078 jam
1342 1996 1381 2057 ad
1415 1998 1517 2078 ipsum

292 2121 353 2166 non
395 2107 457 2161 tam
498 2099 617 2179 elegiae
658 2118 749 2183 quam
793 2101 918 2161 omnino
960 2099 1078 2180 lyricae
1111 2102 1214 2182 poc'sis
1247 2101 1328 2181 apud
1362 2100 1519 2160 Romanos

290 2206 393 2269 lumen
427 2204 599 2280 veniamus,
634 2203 688 2282 qui
721 2217 834 2263 omnes·
863 2208 983 2263 ceteros
1019 2209 1127 2284 poetas
1164 2204 1372 2265 Romanorum
1407 2203 1520 2282 lyricos

291 2308 381 2372 facile
426 2306 541 2382 vincit,
584 2340 622 2350 -
665 2303 701 2366 Ο.
746 2303 890 2366 Valerius
931 2305 1085 2384 Catullus,
1129 2325 1157 2372 a.
1197 2328 1224 2368 u.
1274 2305 1337 2366 667
1377 2304 1521 2366 Veronae

292 2417 400 2487 uatus,
446 2409 475 2472 in
521 2406 709 2470 carminibus
754 2408 816 2472 suis
861 2425 922 2468 non
967 2407 1109 2487 elegiaco
1153 2408 1269 2487 solnm,
1316 2407 1371 2472 scd
1417 2407 1539 2470 multis·

292 2513 361 2574 aliis
383 2513 478 2573 etiam
502 2546 543 2558 —
566 2516 597 2576 et
619 2510 666 2570 his
691 2510 824 2570 maxime
848 2545 887 2554 --
913 2511 1017 2571 metris
1041 2531 1112 2572 usus
1135 2518 1193 2576 est.
1251 2509 1384 2572 Omnino
1407 2511 1458 2572 ille
1480 2546 1521 2554 -·

291 2623 507 2702 praeterquam
547 2612 629 2696 quod
664 2629 751 2695 epos,
794 2611 1023 2692 epithalamium
1060 2614 1141 2674 Pelei
1181 2618 1213 2675 et
1246 2613 1396 2677 Thetidos
1430 2614 1521 2691 vulgo

292 2719 486 2799 inscriptum,
522 2716 704 2777 hexametro
738 2717 913 2796 composuit
947 2719 1085 2792 (carmen
1109 2713 1164 2801 64)
1190 2751 1226 2762 --
1259 2718 1358 2778 varias
1384 2716 1522 2778 Graecae

292 2821 397 2902 poesis
430 2820 545 2900 lyricae
579 2820 705 2897 formas,
730 2818 928 2900 galliambos,
959 2820 1168 2900 choriambus,
1200 2839 1306 2881 versus
1332 2819 1521 2900 Glyconeos,

292 2922 477 3004 Sapphioos,
513 2920 719 2999 choliambos,
745 2922 926 3002 praesertim
949 2922 1228 3004 hendecasyllabos
1253 2923 1382 2983 Romam
1404 2924 1523 3003 primus

293 3026 487 3092 Alexandria
498 3023 644 3109 traduxit.
668 3023 776 3104 ltaque
790 3044 881 3106 quem
895 3026 1235 3091 etiamnunchnbemus
1249 3026 1360 3098 Catulli
1369 3025 1477 3087 librum
1492 3027 1523 3086 in

293 3130 370 3190 duas
393 3134 496 3209 partes
520 3127 659 3188 dividere
683 3126 783 3206 solent
805 3127 953 3208 editores,
978 3147 1106 3207 quarum
1130 3131 1223 3210 priori
1237 3132 1390 3191 variorum
1411 3135 1524 3189 metro-

292 3252 358 3296 rum
394 3230 543 3307 carmina,
579 3229 675 3289 altera
698 3225 731 3312 (a
754 3229 891 3289 carmine
914 3229 955 3291 65
978 3229 1149 3314 incipienti)
1189 3231 1321 3294 disticha
1356 3232 1523 3292 maximam

293 3339 412 3418 partam
445 3331 701 3413 epigrammatica
735 3331 942 3393 continentur.
1010 3334 1043 3394 In
1077 3339 1207 3416 utraque
1245 3341 1333 3415 parte
1367 3334 1526 3421 complura

294 3438 429 3502 carmina
453 3435 491 3495 ad
505 3434 648 3498 Lesbiam
673 3433 828 3513 quandam
849 3436 964 3517 scripta
984 3442 1064 3516 sunt,
1084 3456 1152 3498 cum
1167 3455 1228 3520 qua
1246 3437 1372 3498 muliare
1391 3439 1523 3518 primum

294 3540 401 3600 intimo
435 3557 541 3599 amore
576 3539 777 3617 conjunct-um
810 3538 916 3617 luisse,
954 3539 1065 3600 deinde
1097 3540 1230 3603 mulieris
1259 3541 1361 3600 animo
1386 3539 1424 3600 ad
1448 3540 1525 3601 alios
1642 3541 1643 3544 ’

295 3642 377 3701 viros
401 3657 490 3700 verso
513 3639 709 3710 inimicitiam,
732 3641 862 3702 traxisse
886 3642 1050 3721 Catullum,
1076 3664 1115 3703 ex
1137 3645 1210 3724 ipsis
1228 3644 1413 3708 carminibus
1426 3649 1523 3724 patet.

295 3742 381 3818 Quae
415 3741 506 3802 fucrit
528 3741 639 3802 Lesbia
673 3762 765 3822 quum
800 3744 950 3806 incertum
982 3746 1021 3805 sit
1043 3781 1083 3788 —-
1107 3765 1176 3806 nam
1207 3748 1321 3806 anricus
1352 3765 1422 3806 suas
1445 3747 1550 3811 lictis·

294 3841 471 3906 nominibus
506 3844 670 3924 praecipue
695 3844 824 3906 Graecis
859 3848 1016 3906 nominare
1040 3847 1139 3908 acient
1160 3847 1251 3926 lyrici
1279 3883 1312 3892 -
1338 3854 1526 3909 tamennon
1641 3915 1642 3926 ,

295 3947 418 4008 videtur
440 3965 458 4020 a
481 3965 555 4006 vcro
589 3946 755 4009 abhorrere
780 3949 861 4027 quod
885 3948 1524 4034 narratApulejus(Apol.10),Clodiam,
1641 3933 1642 3940 ἵ

295 4069 432 4111 sororem
456 4049 538 4109 il'am
562 4052 711 4111 famosam
736 4049 840 4113 Publii
853 4051 966 4130 Clodii,
991 4054 1146 4116 inimicam
1167 4053 1338 4132 Ciceronis,
1359 4053 1395 4129 Q.
1409 4053 1526 4113 hleta'lli

297 4153 413 4214 Celeris
448 4171 573 4213 uxorem
610 4152 722 4232 fuisse,
758 4154 812 4215 sed
847 4154 925 4215 illius
950 4156 1083 4218 mulieris
1107 4175 1253 4235 amorem,
1278 4155 1391 4218 deiude
1413 4163 1527 4239 pc‘e'tae

296 4255 392 4316 nostri
426 4273 465 4314 ex
489 4273 529 4316 ea
551 4257 665 4325 amissa
689 4257 829 4318 dolorem
851 4256 978 4318 multum
1003 4261 1151 4320 momenti
1174 4259 1213 4320 ad
1236 4261 1391 4341 poeticum
1416 4257 1527 4320 Catulli
1639 4313 1640 4348 3

297 4358 459 4436 ingenium
489 4359 692 4420 excolendum
729 4367 759 4421 et
793 4362 882 4440 quasi
916 4362 1110 4422 educandum
1134 4361 1291 4444 habuisse,
1316 4341 1524 4424 certissimum

297 4468 355 4522 est.
401 4460 512 4545 Neque
535 4468 637 4523 tamen
662 4464 754 4523 ullum
780 4483 885 4525 eorum
906 4466 1090 4545 carminum,
1118 4485 1197 4547 quae
1210 4467 1377 4550 elegiarum
1403 4465 1528 4528 nominc

314 4683 334 4750 θ)
361 4659 472 4754 Teuffel,
493 4683 589 4740 Gesclr.
609 4684 631 4739 d.
651 4683 729 4739 Rbm.
747 4682 843 4740 Litter.
862 4689 906 4737 ate
924 4685 1005 4754 Ausg.
1024 4702 1050 4756 p.
1069 4691 1128 4744 357.
