3342 5532
850 445 888 464 2.
913 403 1019 480 tt·-

315 603 468 688 judicium
498 605 780 685 accommodatam,
814 624 916 686 neque
938 625 978 668 ex
1000 606 1094 688 ipsius
1127 605 1232 687 populi
1255 607 1444 669 couscientia
1475 627 1549 691 pro-

274 770 276 776 ,
320 713 445 790 laetam,
470 710 525 774 sed
548 729 588 772 ex
611 709 798 772 eruditorum
822 713 853 770 et
876 707 1016 772 doctrina
1045 709 1165 774 liberali
1192 709 1356 790 politorum
1384 709 1546 774 hominum

321 815 517 897 cogitatione,
530 807 592 894 ‘qui
616 813 700 894 quod
723 811 797 874 talia
810 812 930 874 Graece
952 814 1068 896 scripta
1089 813 1229 874 lectitare
1252 812 1402 893 solebant,
1434 820 1466 877 et
1487 816 1549 897 ipsi

321 918 444 980 adalia
472 915 626 998 ejusmodi
656 914 892 998 componenda,
914 921 948 978 nt
977 924 1030 978 aut
1052 934 1123 978 suos
1146 924 1199 977 aut
1229 915 1388 978 simulatos
1417 915 1549 980 affectus

319 1022 556 1103 perscriberent,
581 1019 782 1085 ducebantur.
808 1017 931 1093 Quare
955 1017 1060 1099 liebat,
1085 1025 1117 1081 ut
1140 1018 1242 1082 doctis
1266 1020 1460 1102 plerumque,
1484 1038 1548 1081 nou

322 1123 467 1188 indoctae
490 1121 679 1184 multitudini
706 1120 879 1185 seriberent
911 1128 1023 1204 po'c'tae
1055 1123 1197 1204 elegiaci.
1256 1111 1359 1204 Atque
1389 1123 1429 1185 ob
1465 1122 1547 1186 hane

322 1228 420 1310 ipsam
452 1245 592 1288 caussam
623 1231 685 1286 tam
718 1225 814 1287 breve
847 1229 968 1307 tempus
1001 1225 1143 1288 floruisse
1176 1223 1238 1290 hoo
1271 1243 1380 1307 genus,
1415 1207 1549 1308 intelligi

321 1335 439 1411 potest3
464 1349 534 1392 nam
558 1333 780 1411 postmortem
804 1326 946 1409 Augusti,
972 1348 1066 1410 quum
1089 1309 1287 1393 securitatem
1301 1333 1411 1410 metus,
1437 1330 1547 1414 volup·

322 1441 416 1496 tatem
440 1433 602 1497 morositas
636 1438 742 1494 secuta
773 1437 867 1511 esset,
892 1451 996 1512 neque
1020 1433 1081 1496 ullo
1110 1425 1177 1514 jam
1211 1438 1408 1496 externarum
1443 1451 1547 1494 rerum

322 1535 501 1617 adjumento
535 1540 755 1609 sustentaretur
797 1535 908 1617 elegia,
951 1541 1014 1596 tum
1048 1555 1173 1600 carmen
1205 1536 1375 1618 elegiacum
1411 1535 1548 1598 condere

323 1658 415 1719 quam
438 1639 561 1702 satiram
588 1657 649 1700 non
672 1636 809 1700 scribere
827 1620 987 1699 difficilius
1011 1646 1087 1701 erat.

828 1811 1031 1822 —--—-—-.-..

415 1966 526 2027 Postea
560 1983 653 2044 quam
687 1963 726 2026 de
758 1965 862 2026 indole
896 1945 1014 2047 elegiae
1049 1966 1257 2028 Romanorum
1296 1967 1328 2026 iu
1369 1967 1548 2028 universum

319 2067 453 2132 breviter
465 2069 700 2151 disputavimus,
725 2088 805 2129 nunc
829 2068 917 2133 nobis
940 2071 1104 2151 scriptores
1127 2070 1230 2150 quiin
1254 2089 1291 2132 eo
1314 2088 1408 2152 opere
1430 2075 1549 2135 restant
1636 2059 1638 2118 i

217 2247 221 2254 1
319 2173 429 2254 singuli
452 2171 635 2234 aestimandi
658 2170 777 2249 sunt.³)
1469 2165 1473 2174 ’

404 2277 438 2336 lu
462 2277 581 2338 Catullo
605 2274 810 2355 aestimande,
843 2278 927 2356 cujus
957 2282 1060 2340 cetera
1089 2278 1226 2341 earmina
1253 2276 1364 2358 melica
1393 2275 1453 2336 hue
1483 2293 1547 2336 nou

318 2379 484 2459 pertinent,
498 2386 569 2440 ante
582 2379 685 2439 omnia
699 2378 758 2440 hoe
770 2378 935 2440 tenendum
949 2385 1008 2457 est,
1021 2380 1174 2460 primitiae
1197 2379 1280 2459 quod
1303 2385 1374 2441 sunt
1395 2381 1461 2459 ejus
1484 2378 1548 2440 ele·

318 2483 396 2561 giae.
442 2480 524 2557 Quia
546 2481 663 2544 liberae
682 2482 841 2542 etiamtum
872 2481 1063 2562 reipublicae
1093 2480 1295 2563 temporibus,
1327 2481 1437 2562 quibus
1467 2482 1549 2543 vixit

317 2585 381 2664 ille,
413 2585 550 2647 noudum
585 2587 616 2646 in
642 2605 682 2646 se
715 2587 799 2668 ipsos
823 2591 939 2647 tantum
980 2593 1163 2667 receperant
1205 2584 1355 2664 homiues,
1396 2590 1546 2665 quantum

317 2695 425 2769 postea
448 2687 591 2750 libertate
615 2690 740 2767 amissa,
766 2688 836 2749 ideo
859 2707 921 2750 non
944 2690 1041 2769 potuit
1062 2689 1142 2766 lieri,
1169 2696 1200 2749 ut
1223 2690 1324 2750 certis.
1346 2686 1457 2749 linibus
1485 2688 1547 2749 eir-

319 2789 562 2852 cumseriberent
574 2796 790 2869 argumentum
815 2791 888 2851 artis
912 2791 1039 2870 lyricae,
1064 2790 1117 2852 sed
1142 2792 1173 2850 iu
1197 2791 1292 2851 multa
1315 2796 1346 2852 et
1371 2790 1454 2851 varia
1473 2809 1547 2851 eva·

317 2900 461 2973 gerentur
482 2899 613 2974 poetae.
661 2893 712 2956 Sic
734 2895 826 2955 etiem
849 2895 880 2954 in
903 2893 1015 2973 elegia.
1069 2893 1235 2974 Propterea
1264 2892 1400 2954 Catullus
1423 2899 1454 2955 et
1476 2891 1547 2953 Gal·

318 2995 443 3058 limaohi
466 2996 597 3077 elegiam
621 2995 659 3058 de
682 3015 772 3058 conta
795 2996 961 3058 Berenices
985 2997 1016 3056 in
1039 3015 1212 3058 sermonem
1237 2996 1378 3058 Latinum
1403 2997 1493 3058 vertit
1515 3001 1548 3055 et

318 3101 443 3161 omnino
460 3100 491 3159 in
514 3100 701 3179 argumentis
725 3099 843 3179 elegiae
866 3098 1017 3178 eligendis
1040 3096 1166 3161 liberius
1189 3103 1327 3178 versatus
1352 3105 1399 3159 est
1428 3100 1473 3176 (c.
1504 3098 1546 3160 65

242 3269 245 3282 ⁴
318 3199 357 3262 ad
380 3201 592 3280 Hortensium,
607 3221 634 3262 o.
660 3200 701 3262 67
725 3221 794 3262 cum
813 3204 912 3280 janua
936 3202 1104 3262 meretricis
1129 3201 1284 3280 dialogus,
1310 3220 1339 3266 e.
1352 3199 1394 3263 68
1413 3201 1546 3282 epistola

318 3301 357 3362 ad
379 3303 549 3374 Manlium).
598 3303 717 3364 Deinde
731 3302 864 3362 noudum
878 3304 960 3363 satis.
972 3303 1071 3382 elegia
1094 3303 1132 3364 ab
1153 3304 1376 3384 epigrammate
1389 3311 1542 3385 separata,

335 3608 356 3677 ³)
384 3609 441 3663 Hoc
461 3609 521 3664 locs
540 3609 622 3664 nobis
642 3609 807 3664 omittendas
826 3626 887 3663 esse
907 3612 1063 3679 putavimus
1083 3612 1260 3678 quaestiones
1280 3609 1345 3662 illas
1365 3610 1471 3664 criticas
1492 3609 1544 3662 dif-

386 3695 532 3763 ficillimas,
552 3711 623 3764 quae
641 3697 767 3764 inprimis
779 3693 919 3748 Tibullum
939 3700 967 3748 et
984 3695 1160 3764 Propertium
1176 3694 1335 3763 legentibus
1351 3699 1498 3748 occurrunt
1513 3726 1545 3734 -

385 3778 476 3830 uthis
495 3784 557 3831 utar
575 3779 753 3848 exemplis-
770 3781 798 3830 in
817 3777 929 3832 Tibullo
948 3795 1018 3848 quae
1037 3781 1107 3832 ratio
1127 3781 1163 3832 sit
1183 3780 1331 3846 elegiarum
1352 3779 1385 3831 de
1402 3777 1544 3846 Maratha,

384 3857 418 3916 de
430 3859 518 3929 Delia,
531 3865 563 3916 de
578 3864 696 3932 Nemesi‚
708 3865 825 3932 denique
844 3881 948 3930 earum,
968 3879 1038 3932 quae
1058 3865 1091 3917 de
1116 3862 1253 3932 Sulpiciae
1271 3869 1297 3916 et
1308 3863 1429 3918 Corinthi
1449 3881 1546 3918 amore
1633 3867 1634 3877 ¹

384 3956 462 4018 suntg
482 3956 670 4020 quotempore
688 3954 807 4019 scriptae
826 3953 889 4019 sint,
909 3952 970 4016 quis
982 3953 1109 4004 sitverus
1128 3950 1198 4004 ordo
1218 3952 1380 4017 oarmlnum,
1399 3950 1454 4002 alia
1472 3952 1546 4018 ajus-

384 4037 459 4090 modi
477 4064 512 4074 -
530 4051 600 4104 quae
619 4038 713 4090 omnia
731 4051 797 4089 sane
815 4037 839 4089 si
858 4037 1011 4090 accuratius
1031 4035 1218 4089 aestimandus
1241 4040 1315 4089 esset
1337 4040 1428 4103 poeta,
1454 4038 1546 4090 omitti

384 4125 587 4191 nonpoterant,
607 4125 673 4189 quia
691 4120 804 4175 Tibullo
824 4138 880 4175 non
899 4122 989 4174 minus
1009 4131 1093 4190 quam
1112 4123 1174 4176 aliis
1193 4123 1280 4190 potitis
1299 4120 1407 4186 accidit,
1434 4125 1463 4174 ut
1485 4136 1546 4174 non

385 4213 456 4260 esset
479 4221 588 4276 semper
606 4212 632 4259 et
649 4208 677 4260 iu
696 4207 831 4286 omnibus⁸
850 4207 1019 4260 carminibus
1046 4207 1119 4260 idem
1139 4224 1188 4275 -3
1217 4207 1316 4260 deinde
1343 4209 1371 4259 in
1397 4207 1544 4277 Propertio

386 4292 527 4360 quomodo
546 4297 593 4345 aut
610 4294 683 4344 iuter
701 4307 730 4346 se
749 4292 937 4345 connectenda
955 4297 1003 4346 eut
1019 4292 1173 4362 separanda
1188 4293 1298 4360 singula
1313 4294 1434 4346 earmina
1445 4295 1544 4346 siut—

384 4394 449 4430 nam
468 4378 539 4430 male
558 4383 686 4446 corrupta
704 4382 730 4430 et
750 4376 876 4431 mutilata
894 4379 975 4432 nobis
995 4378 1095 4431 tradita
1114 4382 1229 4431 suut-
1248 4384 1274 4431 et
1292 4378 1346 4432 alin
1365 4393 1419 4430 non
1445 4391 1544 4445 pauco,

386 4463 622 4534 quaeadslngulu
641 4479 767 4532 quaeque
786 4463 934 4540 scrutanda
952 4466 1113 4532 pertinent,
1139 4463 1193 4516 Sed
1213 4464 1280 4517 haee
1300 4465 1394 4518 omnia
1411 4463 1543 4532 longiora

385 4551 452 4603 milri
480 4549 541 4605 visa
568 4557 640 4620 suut,
670 4561 751 4618 qaam
780 4563 848 4616 quoe
876 4548 1070 4618 disputationis
1096 4550 1278 4603 brevissimae
1313 4550 1413 4602 linibus
1438 4547 1543 4602 includi

385 4642 508 4706 possent,
