3342 5532
656 431 822 509 ...13-

121 627 275 713 Philotae,
310 629 530 714 Euphorionis,
566 642 714 716 quantum
737 635 827 699 nobis
849 639 880 697 in
913 635 962 698 his
995 635 1086 702 rebus
1120 638 1228 700 videre
1261 635 1346 722 licet,

124 735 285 798 doctrinae
308 736 468 800 abstrusae
490 736 621 818 repleta,
645 756 707 799 non
731 739 888 820 exipsius
912 740 1060 818 animiet
1087 742 1221 822 pectoris
1254 740 1346 802 affec·

122 839 205 904 tibus
228 839 379 922 profecta,
414 839 558 921 quoniam
582 857 644 902 non
666 847 778 921 potitae
807 841 865 920 illi,
899 842 955 903 sed
989 843 1047 903 viri
1080 842 1164 905 docti
1196 849 1228 905 et
1261 844 1348 923 quasi

123 942 337 1023 mythologice
358 941 550 1023 professores
572 949 679 1020 erant3
704 943 819 1006 deinde
839 945 871 1006 in
892 946 980 1028 regia
1003 935 1079 1007 urbe
1101 945 1290 1026 habitantes,
1315 951 1348 1006 ut

121 1065 229 1107 anram
252 1063 314 1108 nou
336 1046 530 1126 popularem,
562 1046 616 1107 sed
640 1049 756 1127 regiam
790 1049 977 1110 carminibus
1009 1055 1181 1130 captarent,
1214 1053 1347 1109 tentatos

123 1167 179 1209 ecs
201 1147 307 1226 fuisse,
331 1166 424 1208 nemo
445 1147 583 1228 negabit.
630 1147 682 1212 Sic
705 1149 805 1230 elegia
826 1151 879 1212 illa
905 1151 1190 1213 Alexandrinorum
1213 1150 1348 1230 quodam

122 1249 216 1313 modo
239 1270 350 1332 corpus
380 1255 531 1312 mortuum
561 1257 640 1330 erat,
670 1253 702 1313 in
732 1253 815 1332 quod
845 1259 958 1334 potitae
990 1254 1214 1331 Romanorum,
1247 1253 1347 1332 gentis

120 1372 242 1415 morum
264 1353 345 1414 illius
368 1353 494 1434 quidem
528 1360 600 1415 tunc
633 1363 858 1437 corruptorum,
890 1356 944 1418 sed
968 1357 1104 1418 nondum
1138 1357 1220 1418 sanis
1253 1357 1347 1416 aninri

121 1456 325 1538 corporisque
348 1458 488 1520 sensibus
511 1457 675 1520 destitutae
698 1466 741 1536 ct,
773 1465 806 1521 ιιι
828 1465 899 1521 sunt
930 1458 1076 1521 Italorum
1111 1459 1218 1537 animi,
1253 1455 1346 1518 vehe-

120 1554 318 1620 mentissimis
341 1560 505 1621 affectibus
528 1567 715 1640 commotae,
738 1562 825 1643 quasi
845 1562 1026 1642 sanguinem
1040 1562 1242 1642 inspiravere.
1288 1559 1347 1620 Hic

119 1661 234 1740 honos,
258 1660 318 1724 hoc
342 1663 436 1724 decus
459 1669 507 1724 est
528 1663 648 1743 elegiae
677 1665 848 1726 Romanae.
901 1650 948 1725 Sit
969 1683 1044 1726 sane
1072 1681 1159 1725 amor
1191 1663 1347 1743 elegiacos

120 1782 274 1829 venerans
296 1772 326 1827 et
350 1764 389 1826 ad
412 1766 550 1847 corporis
579 1767 769 1848 voluptatem
803 1768 973 1850 sepissime
1006 1767 1173 1842 referatnr3
1208 1765 1264 1827 sed
1297 1763 1348 1825 hic

121 1866 347 1947 qualiscunque
381 1886 468 1930 amor
501 1871 640 1932 sincerus
662 1878 694 1932 et
715 1870 839 1952 ardens,
871 1869 910 1931 ab
933 1870 994 1932 illis
1016 1870 1116 1952 potitis
1138 1869 1346 1931 Romanorum

118 1972 213 2052 plene
237 1978 268 2032 et
289 1978 355 2034 toto
378 1980 504 2054 pectore
528 1979 676 2055 acceptus
706 1981 769 2035 tam
798 1991 874 2034 vera
906 1979 972 2034 arte
1001 1949 1100 2053 lyrica
1132 1969 1345 2054 perscribitur,
1399 1957 1404 1968 ⁵

118 2080 155 2135 ut
184 2073 223 2135 ad
256 2075 414 2155 perfectae
448 2077 492 2138 rei
531 2078 695 2137 terminum
730 2076 853 2138 venisse
887 2075 1061 2137 videantur.
1118 2075 1228 2155 Neque
1261 2093 1348 2135 amor

119 2176 234 2254 solum,
258 2177 312 2238 sed
336 2196 443 2239 omnes
467 2179 614 2239 commoti
637 2178 731 2239 animi
764 2196 884 2255 sensus,
916 2157 1032 2262 odium,
1063 2177 1152 2239 dolor
1173 2197 1212 2238 ex
1235 2179 1349 2238 amissa

118 2286 175 2341 aut
198 2285 319 2342 mortua
340 2281 444 2362 puella
466 2288 585 2362 captus,
611 2282 671 2342 alia
692 2282 835 2363 privatae
859 2284 941 2342 vitae
964 2288 995 2343 et
1016 2280 1131 2360 gaudia
1142 2286 1174 2342 et
1195 2280 1348 2340 solamina

118 2389 153 2444 et
175 2381 418 2464 desperationes.
442 2383 571 2459 Quodsi
595 2385 761 2463 quaeritur,
787 2383 859 2464 quid
884 2382 1043 2445 Romanae
1065 2382 1178 2445 indolis
1191 2384 1347 2464 proprium

116 2487 152 2546 in
174 2477 354 2568 hacelegia
377 2489 562 2566 inveniatur,
587 2486 647 2549 hoc
669 2487 734 2549 fere
757 2492 823 2549 est:
880 2485 923 2548 Ut
945 2487 1005 2547 alia
1026 2486 1131 2548 omnia
1163 2487 1206 2547 ita
1238 2504 1347 2547 seusus

117 2589 217 2648 animi
239 2591 440 2672 corporisque
463 2591 556 2652 ctiam
579 2590 723 2671 Romani,
747 2595 781 2652 ut
803 2610 836 2651 re
859 2608 933 2650 vera
956 2596 1038 2667 sunt,
1063 2590 1108 2650 sic
1121 2595 1152 2650 et
1163 2589 1348 2669 eloquuntur

118 2697 152 2752 et
182 2697 216 2752 ut
247 2693 292 2754 ita
324 2692 426 2754 dicam
468 2695 565 2756 oculis
605 2694 698 2755 rectis
732 2695 894 2774 aspiciunt.
940 2691 1073 2769 ,Deinde
1105 2711 1161 2773 pro
1194 2692 1347 2772 gravitate

114 2795 221 2882 ,gentis
246 2794 406 2857 Romanae
428 2802 460 2858 et
481 2798 648 2859 severitate
670 2795 750 2857 haec
773 2797 873 2875 elegia
901 2795 1025 2857 tristitia
1047 2794 1183 2874 quadam
1207 2802 1238 2856 et
1268 2783 1346 2876 pon·
1374 2869 1377 2874 .

121 2897 196 2958 dere
218 2898 386 2980 conspicua
408 2906 466 2977 est,
492 2917 552 2977 quc
581 2899 630 2977 lit,
654 2905 688 2960 nt
710 2899 803 2960 etiarn
827 2899 860 2958 in
890 2897 1010 2977 gaudiis
1033 2900 1146 2959 amoris
1177 2903 1209 2958 et
1241 2897 1343 2958 amici-

120 3001 181 3060 tiae
204 2999 429 3080 describendis,
455 3019 640 3082 quamquam
673 3000 841 3062 festivitate
864 3007 895 3061 et
916 3000 1022 3081 lepore
1045 3018 1106 3060 non
1140 3008 1258 3075 carent,
1294 3017 1346 3059 ve·

118 3121 184 3162 ram
209 3109 312 3165 tamen
347 3103 531 3165 hilaritatem
567 3122 668 3184 neque
698 3102 867 3164 exhibeant
897 3121 999 3183 neque
1031 3108 1189 3163 sectentur
1221 3107 1343 3182 potitae.

118 3205 166 3265 Ne
190 3203 320 3267 Ovidius
344 3207 467 3285 quidem
491 3226 638 3286 unquam,
670 3207 834 3284 quantavis
871 3205 998 3265 levitate
1028 3205 1121 3265 animi
1155 3210 1187 3266 et
1218 3203 1347 3264 lascivia

120 3307 302 3386 bacchetur,
328 3328 402 3370 vere
424 3309 505 3372 laeto
529 3311 634 3371 animo
657 3309 775 3388 scribit,
800 3315 833 3370 ιιι
856 3307 933 3369 nihil
956 3307 1055 3369 dicam
1080 3307 1119 3368 (le
1135 3305 1347 3368 illistristitiac

119 3410 218 3491 plenis
241 3411 384 3473 Tristium
408 3411 506 3476 libris.
552 3412 648 3492 Atqui
671 3410 711 3473 ob
733 3410 815 3472 hanc
842 3413 941 3492 ipsam
963 3410 1148 3489 gravitatem
1181 3408 1347 3470 similitudo

120 3512 287 3592 quaedam,
313 3531 404 3592 quam
429 3521 557 3574 matrem
582 3514 730 3575 satietatis
753 3532 822 3573 esse
851 3513 927 3574 dicit
949 3501 1058 3573 Cicero
1081 3511 1216 3586 (invent.
1241 3511 1267 3573 1.
1292 3509 1346 3588 hl,

36 3597 38 3602 ⁵
119 3611 187 3695 76),
211 3614 282 3677 huic
305 3616 424 3697 elegiae
446 3615 598 3698 inhaeret,
625 3615 766 3678 scnoillo
788 3615 973 3696 pentametri
995 3613 1088 3675 simili
1111 3631 1233 3694 semper
1255 3618 1348 3692 atque

119 3717 229 3781 codem
253 3719 443 3799 aliquantum
467 3726 569 3784 aucta.
616 3715 825 3791 Quamobrem
846 3716 929 3796 quod
951 3734 1008 3778 nos
1030 3716 1217 3778 recentiores
1246 3714 1345 3776 homi·

119 3841 186 3900 nes,
211 3840 305 3901 quum
329 3821 461 3900 elegiam
485 3823 626 3907 dicimus,
650 3822 726 3884 nihil
750 3821 830 3883 aliud
854 3839 947 3902 quam
969 3820 1075 3884 flebile
1103 3831 1229 3883 carmen
1258 3821 1346 3882 intel-

118 3924 253 4005 ligimus,
282 3923 314 3985 id
343 3945 384 3987 ex
406 3924 615 3992 Romanorum
643 3926 743 4006 elegia
777 3923 867 3988 nobis
890 3923 1035 3986 traditum
1069 3931 1127 3986 est.
1183 3925 1347 3986 Praeterea

117 4025 179 4088 hoc
201 4044 325 4107 quoqne
336 4027 547 4091 Romanorum
571 4029 698 4110 ingenio
720 4032 1035 4106 estconsentaneum,
1058 4024 1345 4105 nonsinequadam

117 4135 150 4191 et
173 4128 288 4192 doloris
310 4136 341 4191 et
376 4130 543 4213 voluptatis
576 4133 840 4195 commentatione
871 4149 978 4192 sensus
999 4130 1032 4192 in
1061 4129 1162 4208 elegia
1184 4124 1344 4209 perscribi,

118 4251 235 4313 quare
257 4233 372 4295 factum
395 4239 454 4314 est,
478 4240 512 4296 ιιι
533 4253 628 4317 saepe
651 4240 681 4296 et
704 4231 1168 4314 narratiunculaeepisodiaque
1187 4229 1345 4311 mythicaa

117 4334 265 4398 historias
287 4341 318 4398 et
329 4342 498 4419 praecepta
510 4355 591 4417 quas
609 4337 752 4400 dicuntur
764 4336 920 4399 didactica
932 4335 1076 4417 elegiacis
1087 4334 1342 4399 immiscerentur.

118 4437 181 4500 Sed
205 4459 299 4520 quum
322 4439 361 4501 sit
382 4441 527 4503 omnibus
557 4438 605 4503 his
626 4441 718 4504 rebus
752 4440 946 4522 elegiacum
979 4438 1106 4519 ingenio
1136 4433 1345 4499 Romanorum

124 4545 291 4625 conjuncta
312 4544 402 4625 eique
426 4541 545 4623 affinis,
568 4550 673 4607 tamen
694 4542 755 4606 hoc
777 4561 900 4625 semper
914 4540 1083 4606 tenendum
1106 4535 1165 4622 est',
1189 4557 1257 4602 esse
1276 4557 1345 4600 eam
1447 4547 1449 4552 '

123 4651 188 4706 arte
211 4645 362 4724 effictam,
401 4663 462 4706 ron
486 4646 524 4706 ad
558 4667 680 4708 sensum
715 4648 894 4728 popularem
930 4662 1154 4723 communeque
1187 4642 1344 4704 hominum
