3342 5532
696 421 843 482 ...7-

153 605 287 687 quodam
313 607 405 668 modo
429 606 522 688 digna
547 614 628 687 suut,
653 607 692 668 ad
717 628 784 668 eam
809 609 957 688 scriptum
977 576 1040 686 est,
1076 627 1155 689 quaa
1184 629 1233 669 res
1266 609 1381 670 indicio

153 717 211 790 est,
236 729 328 791 quam
352 710 443 790 longe
466 710 600 771 abluerit
624 711 764 773 Catullus
788 732 805 772 a
829 731 901 772 vera
924 710 974 770 illa
993 710 1093 790 elegia
1112 713 1275 791 amatoria,
1301 731 1381 792 quae

152 812 361 874 Romanorum
392 813 517 894 propria
547 824 605 874 est.
652 813 727 888 Sed,
751 815 830 874 sicut
852 813 911 875 illis
935 833 1018 894 saepe
1042 813 1232 894 temporibus
1255 814 1379 895 accidit,

153 920 186 978 ut
209 916 264 975 viri
286 915 410 995 ingenio
433 909 564 976 insolito
578 915 710 997 praediti
743 915 1025 997 perturbationibus
1049 917 1141 976 animi
1165 924 1237 977 ante
1260 925 1381 998 tempus

154 1016 304 1079 debilitati
327 1019 426 1099 prima
443 1021 609 1099 juventute
632 1025 760 1080 mortem
785 1019 918 1097 obirent,
942 1021 985 1079 ita
999 1018 1136 1079 Catullus
1149 1037 1272 1100 quoque
1285 1040 1381 1083 annos

153 1119 367 1182 tantummodo
391 1121 482 1181 XXX
516 1131 605 1182 natus
640 1129 775 1183 mortuus
809 1128 868 1204 est,
892 1123 917 1182 si
940 1099 1106 1183 Schwabio
1141 1122 1180 1182 de
1209 1122 1269 1183 hac
1292 1135 1325 1183 re
1348 1123 1378 1182 in

152 1223 384 1305 quaestionibus
424 1225 486 1284 suis
522 1224 702 1286 Catullianis
736 1245 765 1306 p.
800 1224 838 1285 31
872 1243 943 1307 sqq.
980 1225 1146 1305 disputanti
1180 1231 1216 1286 et·
1244 1224 1381 1286 Eusebio

152 1325 343 1412 credendum
368 1331 437 1392 est..

238 1427 300 1490 Sed
334 1427 412 1490 haec
447 1429 550 1490 omnia
584 1429 657 1489 nihil
692 1429 773 1489 aliud
809 1447 900 1509 quarn
930 1428 1118 1490 incunabula
1147 1436 1179 1490 et
1208 1429 1381 1491 rudimenta

151 1533 236 1593 fuere
259 1531 390 1613 elegiae.
437 1531 565 1613 Excipit
588 1531 755 1613 Catullum,
779 1539 903 1613 praeter
921 1533 957 1594 L.
973 1534 1098 1594 Varium
1113 1533 1237 1612 Rufum,
1252 1533 1381 1611 Vergilii

147 1639 182 1696 'et
204 1635 324 1696 Horatii
359 1635 506 1716 amicum,
542 1653 632 1715 quem
666 1636 832 1719 „carminis
855 1643 887 1699 et
909 1636 1135 1717 tragoediarum
1160 1641 1192 1696 et
1214 1636 1380 1716 elegiarum

151 1735 333 1800 11111110111111α
368 1737 444 1799 dicit
466 1737 638 1818 Porphyrio
662 1738 715 1815 (ad
740 1739 815 1801 Hor.
841 1737 902 1799 Od.
928 1738 954 1802 Ι.
979 1739 1011 1818 6,
1037 1739 1084 1817 1),
1108 1739 1276 1800 Domitium
1302 1738 1380 1799 Mar·

151 1861 232 1922 sum,
268 1843 355 1922 cujus
378 1841 492 1902 etalio
515 1859 612 1921 opera
634 1848 665 1902 et
687 1842 807 1922 elegiae
830 1843 1011 1922 amatoriae,
1034 1841 1181 1903 Melaenis
1202 1842 1379 1922 inscriptae,

151 1948 443 2022 commemorantur,
469 1942 506 2004 0.
531 1943 675 2023 Valgium
699 1944 811 2005 Rufum
836 1944 985 2021 (videsis
1009 1943 1084 2004 Hor.
1110 1941 1277 2020 Od.11,a.
1313 1944 1378 2005 Sat.

150 2045 176 2109 I.
204 2045 255 2124 10,
281 2045 342 2124 823
366 2046 468 2108 Tibul.
502 2046 559 2108 IV.
593 2045 624 2124 1,
651 2043 727 2130 179)
762 2049 849 2128 cujus
883 2048 1050 2126 elegiarum
1084 2047 1270 2108 mentionem
1306 2045 1383 2107 facit

151 2147 276 2208 Servius
301 2146 353 2226 (ad
377 2149 474 2228 Verg.
499 2148 654 2209 Ecl.VlI.
678 2149 745 2228 22),
769 2147 918 2229 Codrum,
943 2149 1041 2210 virum
1065 2155 1202 2210 ceterum
1225 2150 1379 2229 ignotum,
1442 2191 1446 2203 .

150 2271 242 2337 quem
266 2250 373 2311 laudat
394 2249 548 2331 Vergilius
560 2251 643 2330 (Εοί.
669 2251 738 2314 Vll.
763 2249 819 2335 21)
844 2243 885 2297 —'-
907 2252 1024 2332 excipit
1046 2251 1140 2330 igitur
1163 2249 1316 2311 Catullum
1339 2253 1377 2327 is,

152 2356 202 2436 qui
236 2373 311 2416 vera
345 2353 462 2433 elegiae
496 2353 698 2426 fundamenta
731 2353 813 2436 apud
836 2353 992 2415 Romanos
1020 2355 1160 2434 posuisse
1183 2353 1317 2430 videtur,
1343 2352 1379 2414 Ο.

151 2456 311 2518 Cornelius
335 2456 453 2536 Gallus,
489 2461 594 2538 posta,
626 2458 650 2517 si
680 2456 811 2537 Vergilii
842 2456 933 2518 amici
957 2456 1041 2533 (Ecl.
1066 2453 1122 2539 X),
1148 2454 1252 2516 Ovidii
1275 2455 1379 2538 (Rem.

151 2579 213 2622 cm.
239 2556 331 2645 765),
355 2559 502 2620 Martialis
526 2556 601 2644 (Ep.
616 2551 713 2621 ’VIll.
737 2558 791 2640 73,
817 2556 852 2644 6)
883 2559 1065 2620 testimoniis
1096 2557 1188 2619 fidem
1216 2557 1380 2637 habemus,

151 2663 443 2745 praestantissimus.
501 2661 580 2723 Nam
614 2661 705 2742 hujus
740 2681 799 2723 non
835 2663 932 2743 magis
966 2663 1105 2723 carmina
1134 2666 1263 2739 restant,
1287 2677 1381 2739 quam

149 2765 248 2842 Varii,
283 2764 397 2844 Valgii,
433 2763 538 2826 Marsi.
604 2764 711 2826 Gallus
744 2765 851 2846 igitur,
884 2764 983 2825 Asinii
1018 2763 1165 2824 Pollionis
1208 2762 1379 2839 familiaris,

151 2865 282 2947 Vergilii
314 2867 345 2926 in
380 2867 447 2927 sinu
483 2867 612 2949 amicus,
647 2887 677 2927 a.
702 2888 732 2934 u.
755 2864 817 2928 685
841 2865 912 2927 Fori
934 2865 1008 2926 Julii
1036 2874 1124 2926 natus
1157 2867 1234 2926 esa·
1283 2864 1380 2939 Quem

151 2968 189 3029 ad
214 2969 440 3050 praefecturam
467 2970 602 3050 Aegypti
626 2988 665 3030 ex
688 2967 795 3030 infima
822 2968 944 3030 fortuna
965 2970 1065 3047 gratia
1088 2967 1220 3047 Augusti
1253 2975 1380 3048 provec-

152 3078 228 3149 tum,
254 3072 366 3133 deinde
390 3071 430 3134 ob
453 3072 606 3154 ingratum
631 3077 662 3134 et
685 3071 870 3133 malevolum
895 3072 1028 3131 animum
1054 3071 1147 3132 domo
1164 3077 1196 3132 ct
1212 3069 1381 3151 provinciis

151 3175 190 3236 ab
216 3174 355 3256 Augusto
388 3176 597 3258 interdictum,
633 3181 847 3236 accusatorum
882 3173 1164 3237 denuntiationibus
1198 3172 1236 3233 ad
1271 3191 1381 3234 necem

151 3277 344 3359 compulsum
368 3279 468 3360 ipsum
493 3278 551 3341 sibi
574 3298 698 3339 manum
721 3279 866 3361 injecisse
886 3280 930 3352 (a.
952 3297 982 3338 u.
998 3276 1073 3356 728)
1088 3276 1253 3340 Suetonius
1277 3281 1385 3335 auctor

150 3387 197 3442 est
208 3379 301 3460 (Aug.
315 3380 382 3461 66).
426 3382 774 3463 Euphorionemautem
791 3388 921 3461 poetam
932 3379 1177 3440 Alexandrinum
1195 3379 1226 3438 in
1240 3379 1382 3440 Latinum

151 3503 324 3546 sermonem
353 3476 422 3545 eum
455 3485 646 3545 transtulisse
667 3491 700 3544 et
722 3501 861 3543 amorum
886 3500 1009 3544 suorum
1033 3481 1072 3543 de
1096 3479 1265 3561 Cytheride
1288 3481 1383 3560 scrip-

152 3589 228 3648 sisse
250 3587 344 3648 libros
368 3593 498 3666 quatuor
520 3605 613 3666 quum
638 3585 721 3646 dicat
744 3584 868 3646 Servius
892 3582 946 3669 (ad
967 3583 1051 3663 Verg
1082 3583 1149 3645 Ecl.
1163 3581 1222 3664 X),
1247 3601 1382 3663 quocum

151 3691 306 3752 consentit
327 3689 445 3750 Probus
468 3686 634 3750 scholiasta
656 3687 710 3770 (ad
733 3686 863 3748 eandem
894 3685 1053 3766 eclogam:
1101 3685 1329 3770 „Euphorionis
1352 3685 1383 3746 in

152 3792 315 3855 scribendo
339 3799 463 3856 secutus
475 3786 610 3854 colorem
624 3791 746 3853 videtur
758 3789 919 3852 Cornelius
936 3786 1090 3872 sallust),
1113 3789 1231 3870 primus
1251 3788 1382 3868 elegiam

155 3895 433 3958 Alexandrinorum
465 3895 802 3956 amatoriam*R0mam
833 3894 1006 3954 traduxisse
1031 3893 1138 3956 Gallus
1161 3889 1384 3953 existimandus

153 4005 212 4062 est.
259 3999 349 4060 Hunc
372 4006 475 4060 tamen
500 3999 531 4058 iu
555 3999 654 4078 elegia
677 3990 840 4058 duriorem
861 3996 955 4057 fuisse
978 3995 1140 4057 contendit
1162 3993 1384 4068 Quinctilianus

153 4102 195 4163 X.
221 4102 252 4180 1,
278 4101 330 4164 93.
1329 4167 1339 4188 x

240 4203 283 4264 At
316 4205 501 4287 praecipuus
535 4204 654 4282 elegiae
688 4203 800 4263 artifex
835 4208 882 4262 est
904 4199 1014 4264 Albius
1038 4199 1188 4278 Tibullus,
1221 4200 1274 4278 qui
1297 4218 1326 4259 a.
1351 4218 1383 4266 11,

155 4304 218 4369 ’700
252 4312 342 4367 natus
377 4307 416 4368 ad
450 4325 563 4368 annum
599 4307 708 4368 aetatis
742 4305 931 4386 trigesimum
966 4305 1104 4384 quintum
1139 4302 1171 4362 in
1188 4302 1270 4363 'vita
1292 4301 1386 4360 fnisse

155 4409 289 4470 videtur.
364 4408 463 4484 Quem
507 4409 587 4472 Galli
632 4427 841 4490 successorem
889 4408 961 4468 dicit
1006 4403 1134 4466 Ovidius
1178 4402 1285 4485 (Trist.
1326 4402 1383 4478 IV,

156 4510 208 4591 10,
245 4508 319 4594 51);
355 4510 500 4572 Horatius
541 4512 580 4573 ad
623 4532 692 4574 eum
735 4510 847 4572 direxit
885 4527 1010 4571 carmen
1043 4505 1112 4567 libri
1145 4507 1159 4566 l
1192 4505 1384 4585 trigesimum

156 4615 279 4688 tertium
322 4619 354 4690 et
393 4613 554 4709 ,epistolam¹
597 4612 666 4688 libri
709 4613 725 4675 1
766 4620 926 4707 quartam,
971 4609 1099 4690 Ouidius
1140 4615 1270 4692 mortem
1318 4609 1385 4700 ejds,
