3342 5532
687 493 853 552 ..11-

236 685 309 746 Jam
344 684 369 744 si
403 684 570 762 quaeritur,
603 670 683 760 quae
705 681 798 742 fuerit
818 681 939 742 indoles
962 681 1081 759 elegiae
1104 681 1185 764 apud
1209 681 1380 760 Romanos,

134 787 227 848 haec
264 787 401 868 inprimis
438 785 591 848 monenda
625 791 706 848 sunt.
762 786 876 864 Lyrica
910 786 997 865 poesi
1028 805 1097 846 cum
1129 790 1237 846 natura
1260 792 1289 847 ct
1312 804 1405 867 pro·-

132 892 284 971 prietale
304 891 514 951 Romanorum
548 908 657 969 parum
692 889 904 966 conveniente,
939 889 1088 971 perpauci
1111 893 1191 966 sunt,
1224 889 1277 968 qui
1300 888 1383 970 apud

135 1014 200 1056 eos
228 995 260 1054 in
284 1013 322 1054 eo
345 1012 460 1074 genere
483 991 722 1068 elaboraverint,
747 992 909 1072 pauciores
933 993 1023 1052 etiam
1042 993 1093 1072 qui
1105 991 1246 1052 feliciter.
1283 991 1382 1054 Verus

134 1103 245 1178 poeta
267 1096 404 1157 Catullus
438 1096 493 1156 fuit
525 1095 577 1155 ille
600 1094 724 1173 quidem
749 1101 779 1154 et
802 1097 937 1154 omnium
961 1095 1125 1174 lyricorum
1161 1083 1296 1155 maxime
1326 1115 1382 1155 ex-

136 1201 279 1278 cellens,
314 1217 416 1278 neque
440 1197 553 1259 Calvus
587 1199 652 1257 sine
682 1197 806 1275 ingenio
836 1197 929 1258 fuisse
952 1197 1088 1275 videtur3
1113 1197 1239 1259 inferior
1262 1197 1382 1259 Catullo

137 1303 310 1381 Horatius,
347 1302 373 1361 si
406 1301 445 1360 ad
482 1301 545 1361 sola
577 1300 689 1360 melica
719 1301 858 1361 carmina
887 1307 1076 1382 spectamus,
1109 1301 1222 1382 quippe
1246 1302 1383 1380 quinon

137 1412 212 1467 tarn
239 1405 346 1466 divino
371 1405 449 1466 vatr's
472 1404 618 1464 instinctu
631 1408 803 1464 commotus
828 1422 921 1484 quam
945 1405 1055 1465 mentis
1073 1404 1216 1465 acumine
1228 1403 1267 1464 ad
1281 1422 1382 1464 rerum

139 1507 433 1571 considerationem
458 1507 579 1570 ‘ductus
613 1491 758 1586 poematlr
793 1526 848 1568 sna
883 1509 990 1572 melica
1021 1513 1122 1570 aetate
1145 1511 1211 1588 jam
1234 1513 1383 1588 provecta

139 1609 381 1692 conscripserit,
406 1609 521 1670 formas
544 1616 647 1671 tamen
671 1611 775 1690 poesis
793 1610 913 1692 lyricae
932 1610 1122 1672 Graecorum
1135 1609 1265 1671 Romam
1285 1615 1381 1670 trans-

139 1715 231 1778 tulit.
279 1713 340 1776 sed
366 1731 458 1773 nemo
480 1712 588 1773 horum
613 1725 736 1773 secutus
758 1719 805 1773 est
827 1713 1016 1794 exemplum.
1072 1713 1164 1774 Unde
1186 1713 1381 1793 perspicuum

141 1819 196 1896 lit,
234 1817 307 1899 quid
343 1815 444 1888 valeat
477 1816 562 1896 apud
585 1816 744 1877 Romanos
777 1817 890 1895 elegia.
947 1817 1026 1877 Nam
1062 1836 1153 1896 quum
1185 1816 1216 1875 in
1239 1813 1299 1876 hoo
1323 1835 1382 1876 uno

141 1939 266 2000 genere
300 1918 404 2000 poesis
438 1918 555 1998 lyricae
588 1919 721 1981 Romani
751 1920 866 2000 aliquid
895 1925 928 1980 et
949 1921 1021 1980 novi
1044 1925 1075 1980 et
1097 1919 1211 1998 egregii
1235 1921 1383 1999 consequi

143 2023 320 2104 potuerint,
364 2022 463 2101 'elegia
503 2020 733 2101 quodammodo
774 2029 907 2084 ceteram
943 2028 1156 2103 paupertatem
1190 2011 1384 2102 c’ompensari

145 2123 320 2186 dicendum
345 2129 402 2184 est.
448 2124 559 2204 Neque
581 2144 655 2184 sane
678 2125 797 2202 elegiae
819 2127 995 2186 inventores
1018 2124 1168 2206 Romani3
1198 2123 1265 2204 sed,
1290 2145 1383 2204 quum

146 2228 283 2308 elegiam
297 2224 581 2287 Alexandrinorum
606 2234 769 2308 poctarum
785 2233 816 2289 et
828 2227 1074 2289 doctissimorum
1089 2234 1119 2288 et
1131 2227 1381 2307 aridissimornm,

147 2331 207 2414 qui
242 2330 376 2389 maxime
400 2327 530 2408 Augusti
564 2331 753 2410 temporibus
776 2329 894 2390 Romae
927 2329 1059 2391 lectitari
1082 2331 1184 2411 coepti
1207 2337 1305 2407 erant,
1336 2351 1381 2392 re-

150 2433 322 2512 cepissent,
346 2450 408 2492 non
432 2449 547 2490 meram
583 2433 793 2513 imilationem,
816 2432 870 2493 sed
893 2427 1104 2513 peculiare'et
1125 2435 1282 2514 proprium
1306 2451 1383 2514 opus

150 2533 287 2596 ellccere
329 2534 467 2613 inprimis
509 2551 586 2611 quos
620 2554 712 2616 supra
747 2535 973 2596 nominavimus
1007 2534 1158 2616 Tibullus,
1193 2536 1382 2618 PropertiuS,

151 2637 295 2698 Ovidius.

241 2737 329 2814 Quod
365 2740 494 2819 siquis
532 2740 662 2818 elegiam
698 2740 908 2801 Romanorum
943 2744 1071 2823 ejusque
1104 2760 1209 2802 veram
1244 2745 1383 2802 naturam

154 2848 350 2924 perspectam
375 2840 490 2902 habers
516 2841 601 2921 velit,
627 2843 665 2903 ad
691 2861 728 2902 eu
752 2843 863 2923 quibus
882 2849 954 2905 nata
977 2845 1016 2903 sit
1039 2850 1069 2904 et
1088 2843 1226 2907 floruerit
1245 2850 1385 2925 tempora

155 2963 325 3024 corumque
359 2943 574 3004 condicionem
599 2945 734 3004 animum
758 2945 912 3021 advertat,
940 2964 1069 3007 necesse
1098 2953 1155 3007 est.
1213 2945 1294 3020 Quia
1323 2965 1384 3007 non

154 3067 172 3108 a
206 3053 310 3108 vetere
342 3047 395 3106 illa
427 3039 589 3125 Graeciae,
622 3047 676 3107 sed
708 3047 747 3108 ab
772 3044 1052 3110 Alexandrinorum
1087 3049 1251 3110 recentiori
1286 3049 1386 3130 elegia

144 3150 304 3228 'originem
320 3150 424 3228 traxit,
451 3168 512 3211 non
533 3150 660 3230 antiqua
678 3149 732 3209 illa
750 3149 874 3229 Callini,
888 3149 1076 3226 Mimnermi,
1101 3150 1228 3213 aliorum
1241 3154 1385 3232 gnomioa

156 3253 266 3331 elegia,
291 3251 345 3313 scd
369 3251 664 3330 Alexandrinorum,
690 3271 769 3333 quae
792 3254 1133 3334 praeeipueiamrtoria
1161 3254 1228 3332 luit,
1253 3253 1385 3321 Romam

156 3355 390 3442 transferretur,
424 3373 552 3416 necesse
585 3362 662 3415 erat.
728 3354 904 3416 Invenimus
945 3342 1020 3416 sane
1050 3355 1132 3437 apud
1166 3356 1319 3421 'l'ibullum
1355 3364 1386 3419 et

155 3458 347 3538 Propertium
361 3457 488 3535 elegias,
514 3457 568 3517 sed
580 3477 709 3538 paucas,
729 3458 839 3538 quibus
852 3477 913 3519 non
926 3478 1059 3537 amores,
1081 3459 1135 3520 sed
1155 3460 1234 3520 aliae
1246 3461 1386 3540 privatae
1409 3455 1411 3458 ’

156 3561 205 3621 vel
240 3560 381 3640 publicae
417 3561 499 3619 vitae
533 3561 669 3621 rationes
712 3566 926 3640 argumentum
962 3560 1095 3641 dedere3
1142 3561 1278 3640 queritur
1310 3581 1386 3622 saue

156 3663 286 3724 Ovidius
310 3662 349 3722 de
373 3662 495 3723 casibus
529 3663 592 3723 suis
614 3663 645 3722 in
676 3663 712 3723 iis
736 3664 856 3742 elegiis,
890 3683 966 3743 quas
996 3665 1027 3725 in
1056 3661 1165 3725 exsilio
1197 3664 1383 3745 composuit.
1467 3724 1470 3729 .

155 3766 269 3826 Verum
294 3785 355 3827 non
378 3765 439 3844 his,
464 3765 519 3826 sed
542 3766 601 3826 illis
623 3743 816 3846 potissimum
831 3768 988 3828 amatoriis
1011 3767 1058 3831 vis
1081 3773 1113 3829 ct
1134 3773 1244 3829 natura
1266 3768 1386 3846 elegiae
1480 3767 1481 3774 ’

156 3868 236 3949 apud
279 3870 436 3930 Romanos
477 3869 596 3949 planius
636 3867 811 3931 exhibetur.
875 3869 1084 3945 Quamobrem
1118 3870 1148 3931 in
1176 3870 1237 3931 hoc
1270 3889 1385 3949 genere

156 3971 372 4050 investigando
406 3973 546 4052 inprimis
577 3991 682 4032 earum
708 3991 831 4052 rerum,
867 3993 947 4053 quae
976 3972 1015 4033 ad
1045 3992 1181 4035 amorem
1216 3973 1383 4053 pertinent,

156 4074 235 4135 ratio
259 4075 359 4153 qualis
384 4082 456 4135 tunc
479 4076 628 4157 temporis
651 4063 756 4153 luerit,
792 4075 1019 4156 respiciendum
1044 4077 1114 4142 erit.
1171 4075 1210 4136 lut
1235 4079 1266 4133 ut
1288 4074 1385 4134 verbo

157 4175 269 4254 dicam,
296 4195 398 4238 moros
422 4196 526 4238 eorum
551 4184 723 4258 temporum
747 4177 901 4258 ejusmodi
923 4177 1021 4257 fuere,
1045 4184 1078 4239 nt
1099 4177 1151 4239 illa
1171 4176 1385 4256 antiquissima

155 4277 261 4356 legens
285 4278 410 4339 Parisiis
434 4287 465 4339 te
487 4280 605 4347 versari
628 4279 718 4340 facile
741 4279 860 4347 credas.
911 4277 1033 4342 Veteris
1063 4263 1253 4358 reipublicae
1275 4278 1385 4339 funda-

156 4380 267 4440 mentis
297 4382 383 4458 quasi
418 4381 559 4443 cuniculo
590 4382 755 4444 subtractis
787 4401 880 4463 quum
915 4383 1024 4462 singuli
1058 4380 1200 4442 homines
1234 4380 1385 4460 quidquid

156 4483 231 4565 ipsis
249 4480 388 4562 placeret
406 4486 541 4547 maxima
561 4476 725 4546 insolentia
746 4504 838 4565 agere
859 4486 1047 4566 coepissent,
1062 4501 1154 4562 quum
1169 4482 1251 4542 nulla
1264 4483 1383 4562 religio,

156 4585 239 4646 nulla
262 4585 460 4665 verecundia,
492 4586 576 4648 nulla
599 4586 725 4648 deorum
749 4587 826 4648 fides
849 4587 1029 4669 plerumque
1058 4586 1179 4664 signum
1207 4582 1385 4645 eruditionis

157 4686 324 4769 videretur,
349 4707 441 4774 quum
468 4691 692 4774 quantomagis
710 4689 898 4773 reipublicae
917 4687 1043 4758 libertas
1066 4705 1084 4753 a
1107 4686 1235 4766 singulis
1258 4686 1383 4752 snbver-
