3342 5532
708 487 875 546 „17-

176 679 238 733 tate
261 673 373 755 exsilii,
398 673 489 734 aliam
513 691 581 734 esse
604 681 716 753 po'e‘tae
738 681 885 751 mentem,
910 673 942 733 id
966 674 1080 749 nemini
1099 675 1208 734 mirum
1230 675 1404 749 videbitnr3

176 794 283 835 verum
317 794 379 837 non
409 775 468 852 his,
504 775 559 836 sed
593 776 651 836 illis
684 777 877 856 potissimum
913 776 1019 851 elegiis
1042 777 1198 836 amatoriis
1222 795 1282 836 non
1306 795 1407 836 mores

176 880 243 956 ejus
277 877 375 937 solurn
406 877 462 939 sed
496 879 591 938 etiem
624 879 718 938 animi
752 878 913 940 facultates
944 878 1080 938 maxime
1114 879 1301 959 conspicuae
1324 888 1405 939 sunt.

176 979 254 1038 Nam
282 980 307 1038 si
331 980 502 1058 quaeritur,
537 999 598 1061 quo
629 980 753 1041 tandem
788 980 922 1041 excellat
952 977 1096 1056 Ovidius,
1131 982 1205 1041 vitia
1237 980 1289 1040 illa
1321 988 1409 1040 tanta

176 1080 339 1142 toleranda
361 1101 424 1142 non
447 1090 546 1158 erant,
572 1084 630 1142 nisi
653 1082 721 1142 aliis
749 1083 913 1144 virtutibus
944 1081 1079 1162 quodam
1109 1082 1200 1143 modo
1224 1101 1404 1163 compensa·

177 1193 293 1244 rentum
341 1184 388 1246 De
411 1203 472 1265 qua
494 1205 528 1246 rc
550 1185 713 1247 audiamus
738 1183 954 1264 Senecam¹⁰):
982 1183 1150 1267 „Habebat
1171 1184 1223 1246 ille
1246 1194 1403 1266 comptum
1471 1213 1476 1224 ¹

177 1295 209 1346 et
230 1285 345 1346 decens
368 1294 400 1346 et
422 1286 556 1348 amabile
578 1288 748 1368 ingenium,
772 1288 870 1348 oratio
901 1275 978 1366 ejus'
997 1321 1025 1331 -
1061 1285 1134 1347 nihil
1169 1288 1252 1348 aliud
1287 1296 1407 1369 poterat

177 1388 275 1472 videri
306 1408 397 1469 qnam
430 1389 561 1450 solutum
585 1387 740 1450 carmen.“
785 1387 820 1449 Id
844 1394 928 1450 recte
952 1388 1031 1448 dixit
1054 1387 1185 1450 Seneca.
1231 1390 1407 1454 Namama-
1477 1457 1480 1464 ,

178 1492 248 1552 bilis
271 1500 318 1553 est
341 1489 482 1570 Ovidius,
506 1494 578 1573 quia
601 1494 630 1552 in
654 1500 739 1554 tanta
762 1493 888 1553 levitate
922 1492 1016 1552 animi
1050 1491 1188 1552 sincerus
1222 1500 1253 1553 et
1281 1502 1405 1575 apertus

177 1601 235 1654 est.
281 1587 405 1654 Deinde
428 1614 518 1656 nemo
542 1596 662 1675 estqui
685 1603 788 1673 neget,
811 1593 956 1654 Ovidium
975 1601 1089 1674 poetae
1109 1594 1307 1656 facultatibus
1326 1597 1406 1657 inter

176 1715 283 1757 omnes
306 1696 515 1759 Romanorum
545 1705 655 1778 poetas
691 1717 784 1756 unum
819 1697 953 1757 maxime
987 1696 1134 1757 eminere.
1193 1696 1308 1758 Versus
1343 1707 1404 1758 tarn

175 1798 266 1859 facile
289 1798 436 1877 faciebat,
461 1807 494 1858 ut
515 1800 583 1880 ipse
606 1799 645 1859 de
668 1819 737 1860 sese
753 1801 825 1878 jure
847 1797 1042 1879 profiteretur

332 1900 449 1980 Sponte
471 1921 527 1960 sua
550 1920 674 1962 carmen
699 1919 843 1961 numeros
873 1899 1019 1961 veniebat
1041 1900 1080 1960 ad
1103 1909 1193 1982 aptos

407 2010 439 2063 et
460 2002 545 2082 qnod
567 2004 725 2066 tentabam
748 2004 884 2065 scribere
906 2023 1012 2064 versus
1035 2002 1158 2086 aratu).

264 2104 397 2165 Omnino
421 2124 512 2166 nemo
535 2105 747 2167 Romanorum
771 2107 803 2165 in
827 2105 981 2183 omnibus,
1006 2123 1086 2185 quae
1105 2105 1144 2165 ad
1164 2105 1293 2165 sormam
1318 2127 1406 2186 spec·
1448 2119 1453 2124 “

176 2214 254 2283 tant,
278 2207 406 2270 liberine
428 2219 570 2271 versatus
593 2217 651 2269 eat.
710 2207 771 2270 Sed
791 2227 864 2294 ,non
892 2207 958 2267 solu
980 2207 1077 2267 forma
1100 2207 1241 2287 egregius
1264 2207 1406 2290 est0vi-

176 2310 258 2370 dius.
303 2310 350 2370 Ita
373 2311 458 2372 enim
481 2312 668 2372 inventionis
701 2311 793 2390 copia
827 2308 977 2386 abundat,
1012 2310 1055 2369 ita
1082 2308 1304 2389 perspicuitate
1338 2327 1400 2368 om·

175 2413 272 2490 nium,
297 2431 376 2492 quae
399 2412 448 2472 vel
472 2419 577 2473 narrat
599 2414 647 2474 vel
671 2413 820 2474 describit
844 2411 892 2472 vel
916 2413 1063 2491 queritur,
1086 2410 1223 2486 excellit,
1252 2418 1314 2470 tarn
1338 2411 1400 2472 lec·

176 2515 216 2573 tis
239 2513 402 2575 verborum
425 2514 579 2577 coloribus
602 2514 752 2595 depingit,
789 2522 873 2574 tanta
907 2515 1075 2575 festivitate
1099 2514 1252 2592 tant-isque
1286 2513 1407 2574 facetiis

179 2617 350 2678 orationem
375 2610 518 2694 illustret,
543 2624 604 2677 tam
629 2624 661 2678 et
682 2617 843 2695 ingeniose
873 2624 904 2678 et
933 2617 1073 2696 speciose
1097 2614 1315 2676 blandimentis
1339 2633 1406 2676 car-

179 2720 294 2779 minum
317 2719 448 2779 leotores
471 2719 578 2797 allicit,
612 2726 644 2780 ut
667 2727 783 2780 tentum
809 2737 869 2779 non
893 2720 1035 2780 vitiorum
1060 2718 1195 2778 omnium
1220 2717 1308 2779 obliti
1330 2736 1407 2798 prae
1512 2756 1515 2760 -

179 2829 240 2882 tam
265 2821 425 2901 praeclara
457 2821 622 2902 eloquendi
651 2822 804 2883 suavitate
832 2821 956 2900 legendi
980 2821 1129 2902 voluptati
1153 2839 1186 2880 se
1210 2818 1331 2880 tradere
1355 2839 1406 2880 co·

178 2933 300 3003 gantur.
357 2923 504 2986 Doctrina
533 2924 742 3003 mythologice
764 2924 899 2984 imbutue
923 2904 1079 3002 nunquam
1102 2941 1140 2984 ea
1162 2921 1202 2982 ad
1225 2922 1406 2982 ostentatio-

179 3046 248 3086 nem
272 3025 424 3087 abutitur:
449 3027 479 3085 in
502 3024 563 3087 hoc
586 3044 648 3085 non
672 3025 771 3084 minus
794 3043 886 3104 quam
911 3026 942 3084 in
966 3024 1034 3084 aliis
1058 3025 1198 3085 omnibus
1222 3022 1298 3083 nihil
1321 3023 1404 3084 aliud

179 3147 270 3208 quarn
295 3129 372 3189 ludit
394 3126 554 3188 Ovidius..
582 3127 750 3188 Rhetorcm
774 3135 805 3187 et
827 3128 927 3188 Porcii
949 3127 1090 3188 Latronis
1122 3126 1292 3188 auditorem
1316 3126 1407 3187 facile

178 3251 343 3311 agnoscas,
367 3230 396 3290 id
421 3230 503 3309 quod
526 3229 666 3291 Senecae
688 3229 791 3291 verbis
815 3230 989 3292 contirmari
1017 3235 1120 3309 potest
1142 3228 1188 3290 sic
1211 3235 1307 3289 totum
1334 3227 1407 3288 0vi-

178 3334 219 3393 dii
241 3333 400 3412 ingenium
425 3338 510 3394 recle
533 3332 754 3398 describentis:
781 3341 875 3416 „tuno
898 3340 1001 3392 autem
1032 3351 1126 3412 quum
1150 3331 1288 3392 studeret
1310 3330 1406 3392 habe·

178 3431 269 3492 batur
290 3433 390 3495 bonus
414 3433 603 3495 declamator
636 3470 677 3478 —
712 3435 843 3495 molesta
875 3436 918 3495 illi
949 3444 1014 3495 erat
1044 3436 1142 3494 omnis
1165 3434 1406 3516 argumentatio,

178 3534 281 3596 verbis
305 3536 431 3598 minime
451 3536 580 3597 licenter
602 3555 674 3596 usus
697 3544 754 3612 est,
780 3536 837 3596 nisi
866 3540 896 3596 in
926 3533 1125 3614 carminibis,
1157 3537 1187 3595 in
1211 3534 1321 3615 quibus
1346 3553 1406 3595 non

179 3637 334 3713 ignoravit
356 3639 430 3699 vitia
452 3657 518 3715 sua,
550 3637 604 3698 sed
628 3639 744 3697 amavit
767 3673 807 3682 —-
831 3646 961 3718 apparet
984 3639 1093 3696 summi
1117 3638 1232 3716 ingenii
1257 3637 1323 3696 viro
1347 3656 1409 3696 non

172 3738 324 3817 judicium
356 3739 490 3801 defuisse
517 3740 557 3800 ad
586 3741 843 3822 compescendam
877 3742 1030 3801 licentiam
1065 3741 1233 3812 carminum
1251 3757 1408 3818 fanorum,

178 3840 233 3900 sed
255 3840 465 3916 animum‘ffl).

203 4094 231 4158 ¹⁰)
250 4093 381 4149 Controv.
400 4097 499 4162 11.10,
520 4101 548 4154 8.

199 4177 229 4245 1¹)
247 4179 332 4234 rrius.
352 4181 399 4241 iv,
418 4183 460 4245 10,
481 4183 526 4238 2⁵.

144 4251 146 4256 ’
207 4264 233 4332 ¹²)
251 4265 315 4324 San.
336 4263 432 4319 Conlr.
455 4264 491 4324 ll.
514 4270 560 4334 10,
579 4270 596 4322 9
615 4271 636 4324 lu
657 4269 700 4327 ¹2.

640 4478 945 4520 -00<>O<>--
