3342 5532
714 435 860 497 ..5„.

166 628 406 708 Alexandriam,
431 633 462 690 et
484 627 590 710 epicos
613 632 646 686 et
669 625 812 707 melicos;
845 623 955 703 quibus
983 623 1058 704 ipsis
1081 625 1270 705 temporibus
1293 627 1391 707 elegia

163 751 285 814 quoque
307 733 444 814 propria,
470 730 568 814 qualis
592 747 685 812 supra
715 735 763 789 est
792 727 922 788 anobis
954 726 1092 805 delinita,
1127 728 1209 807 apud
1233 717 1390 792 Romanos

165 841 232 896 orta
255 841 312 897 est.
1097 851 1100 856 ·

249 937 378 998 Constat
399 937 503 997 literas
526 935 644 997 Rornae
669 935 803 995 maxime
826 934 964 995 floruisse
984 951 1002 992 a
1022 933 1180 995 Ciceronis
1200 936 1390 1017 temporibus

163 1045 259 1122 us'que
292 1040 331 1100 ad
366 1044 499 1100 aetatem
534 1037 599 1099 fere
631 1038 778 1119 principis
806 1037 974 1114 Hadriani3
1000 1035 1114 1098 deinde
1148 1035 1208 1098 hoc
1241 1041 1389 1120 temporis

162 1143 307 1224 spatium,
333 1141 416 1220 quod
439 1141 478 1201 ad
503 1140 660 1220 historiam
684 1140 851 1201 literarium
876 1140 1019 1218 attineat,
1054 1142 1085 1200 in
1115 1146 1177 1201 tres
1211 1147 1313 1222 partes
1344 1140 1389 1203 di·
1463 1145 1468 1154 '

162 1246 227 1307 vidi
250 1246 363 1324 solere,
388 1261 516 1326 quarum
547 1262 638 1302 unam
667 1249 800 1303 aetatem
825 1240 1072 1321 Ciceronianam,
1103 1242 1240 1304 alteram·
1257 1241 1387 1322 Augusti

161 1348 227 1409 sive
255 1366 391 1430 auream,
420 1346 540 1407 tertiam
575 1350 752 1424 argenteam
789 1345 879 1423 vulgo
913 1344 1082 1426 appellari3
1116 1347 1249 1427 primam
1285 1351 1396 1427 autem¹

160 1467 251 1530 prosa
279 1450 430 1528 oratione,
462 1449 549 1529 poesi
583 1449 710 1508 alteram
747 1448 882 1507 maxime
915 1447 1115 1542 quelluisse3
1151 1453 1307 1528 postremo
1341 1470 1389 1525 ar-

159 1557 272 1631 gentea
295 1558 408 1630 aetate,
433 1556 655 1633 postmortem
680 1550 813 1632 Augusti
844 1566 937 1629 quum
961 1544 1077 1610 'omnia
1109 1549 1260 1611 libertatis
1294 1553 1387 1614 vesti-

158 1655 209 1732 gia
232 1675 287 1736 per
309 1656 514 1736 principatum
538 1653 725 1730 delerentur,
757 1652 788 1713 in
813 1653 947 1714 deterius
970 1652 1130 1733 paullatim
1155 1672 1244 1714 versa
1267 1660 1298 1716 et
1321 1675 1384 1717 mu·

160 1762 223 1817 tata
246 1758 349 1818 omnia
372 1775 451 1819 esse.
497 1757 585 1818 Haeo
609 1761 642 1816 ut
663 1756 693 1815 in
718 1756 894 1816 universum
918 1761 1002 1816 recte
1031 1755 1186 1837 dicuntur,
1215 1757 1259 1818 ita
1288 1750 1320 1816 i'n
1343 1755 1386 1818 hi·

158 1860 282 1920 storiam
308 1851 426 1939 elegiae
448 1860 541 1922 etiam
567 1860 683 1940 optime
706 1858 870 1938 quadrant.
927 1857 1006 1918 Nam
1041 1865 1073 1918 ut
1107 1878 1200 1939 supra
1217 1861 1284 1939 Jam
1309 1859 1385 1919 dixi-

116 1961 120 1968 '
158 1981 225 2022 mus
248 1963 338 2044 primi
367 1967 480 2043 poetae
515 1962 643 2039 elegiaci
679 1959 837 2021 Ciceronis
872 1961 1062 2041 temporibus
1096 1961 1285 2043 pedetentim
1320 1981 1383 2022 rem

157 2071 312 2126 tentantes
340 2067 427 2150 quasi
443 2047 588 2146 ‘primum
613 2065 645 2122 in
667 2064 728 2124 hoc
751 2083 866 2142 genere
890 2063 1106 2145 componendo
1129 2063 1257 2142 gradum
1283 2063 1386 2126 facere

156 2169 221 2228 ausi
244 2172 326 2248 sunt,
351 2167 457 2246 quales
486 2166 582 2227 tuisse
610 2166 755 2226 videntur
779 2167 880 2228 Varro
910 2165 1061 2227 Atacinus
1095 2173 1126 2226 et
1153 2166 1283 2227 fortasse
1307 2167 1386 2227 Lici·

155 2271 222 2331 nius
246 2269 371 2346 Calvus,
397 2287 527 2349 quornm
551 2277 659 2330 tamen
682 2270 798 2349 scripta
821 2287 882 2329 non
906 2275 1037 2331 restant.
1084 2269 1134 2329 Ad
1158 2269 1288 2330 eandem
1302 2276 1384 2332 aeta,-

154 2380 215 2434 tem
242 2371 420 2433 referendus
443 2378 492 2434 est
506 2371 663 2446 ‚Catullus
721 2370 865 2452 Sequitur
887 2377 973 2432 aetas
997 2391 1091 2433 aurea
1114 2373 1245 2453 elegiae,
1269 2373 1301 2432 in
1324 2390 1386 2450 qua

153 2474 285 2536 floruere
305 2473 456 2552 Tibullus,
478 2474 669 2554 Propertius,
691 2471 838 2552 Ovidius3
864 2473 998 2553 denique
1010 2481 1081 2556 post
1094 2481 1223 2537 mortem
1238 2474 1381 2556 Augusti,

153 2596 338 2659 quamquam
362 2597 505 2637 versuum
533 2577 739 2656 elegiaoornm
760 2575 972 2640 faciendorum
995 2572 1186 2639 consuetudo
1212 2580 1243 2639 in
1264 2577 1383 2638 deliciis

152 2679 267 2740 saeculi
295 2680 394 2743 tuisse
429 2679 570 2758 videtur,
607 2685 639 2740 ut
672 2697 733 2740 non
769 2679 868 2748 solum
909 2680 943 2762 ii,
978 2681 1031 2761 qui
1072 2680 1236 2762 sibiipsis
1269 2687 1382 2760 poetae

151 2781 341 2861 viderentur,
364 2783 398 2844 in
422 2781 574 2862 ejusmodi
596 2781 738 2842 versibus
766 2800 805 2842 ex
836 2801 905 2844 sese
935 2783 1158 2861 extorquendis
1191 2783 1250 2844 sibi
1283 2781 1383 2843 indul·¹

148 2890 266 2963 gerent,
291 2883 346 2945 sed
368 2884 402 2945 ia
424 2884 538 2947 scholis
558 2885 649 2944 etiarn
664 2883 834 2965 discipulis,
859 2890 893 2944 nt
904 2885 1135 2946 exercitationis
1154 2889 1254 2965 gratia
1267 2887 1382 2966 elegias

149 2993 384 3068 componerent,
408 2981 543 3068 proponi
565 2985 690 3066 soleret,
722 2986 880 3048 tamenin
908 2987 996 3068 poesi
1027 2987 1166 3066 elegiaca
1195 3006 1257 3048 non
1288 2989 1381 3050 modo

148 3089 248 3152 nullus
269 3108 449 3171 progressus
473 3089 586 3168 factus,
622 3088 676 3150 sed
700 3085 826 3152 omnino
849 3088 922 3150 nihil
946 3090 1095 3150 memoria
1128 3091 1257 3168 dignum,
1288 3089 1379 3152 effac·

147 3199 210 3253 tum
236 3199 320 3255 est*

231 3295 323 3358 Nunc
345 3313 421 3357 vero
445 3295 484 3356 de
507 3295 571 3356 vita
600 3295 785 3375 scriptisque
807 3296 1042 3378 praecipuorum
1074 3305 1236 3378 poetarum
1266 3297 1379 3376 elegia-

147 3417 252 3460 oorum
277 3397 414 3459 breviter
436 3397 587 3459 disserere
608 3398 723 3479 placet.
778 3397 839 3458 Sed
863 3378 1105 3479 praetermittam
1136 3419 1255 3478 omnes,
1291 3418 1380 3478 quos,

147 3520 240 3582 quum
265 3502 416 3562 amatoria
439 3500 576 3561 carmina
599 3518 653 3560 eos
676 3501 835 3579 scripsisse
858 3507 993 3578 constet,
1018 3502 1157 3580 elegiaca
1178 3502 1270 3562 etiarn
1296 3518 1380 3560 com·

148 3603 290 3684 posuisse
319 3609 418 3664 nemo'
445 3603 533 3680 dixit,
566 3602 729 3682 Anserem,
762 3602 902 3682 Cinnam,
939 3603 1150 3682 Cornificium,
1187 3603 1379 3666 Memmium.

232 3707 268 3766 P.
294 3705 473 3766 Terentium
498 3705 670 3767 Varronem
702 3705 879 3786 Atacinum,
914 3727 942 3769 a.
969 3728 1000 3766 u.
1025 3705 1089 3767 672
1111 3707 1141 3766 ἰη
1165 3705 1236 3766 vico
1264 3703 1379 3782 Atace,

147 3807 229 3870 unde
251 3826 364 3869 nomen
386 3807 506 3888 habuit,
532 3814 649 3888 natum,
675 3828 766 3891 quem
791 3810 910 3891 epicum
936 3817 1059 3891 poema,
1084 3807 1198 3871 bellum
1223 3807 1373 3888 Sequani·

144 3929 213 3971 curn
249 3911 443 3991 inscriptum,
480 3911 594 3972 deinde
629 3917 748 3973 saturas
781 3914 876 3990 (teste
906 3911 1036 3975 Horatio
1070 3911 1136 3976 Sat.
1168 3909 1192 3972 Ι.
1221 3911 1271 3988 10,
1308 3911 1377 3988 lc),

145 4012 280 4094 denique
320 4020 482 4095 postquam
518 4014 640 4074 XXXV
681 4033 779 4076 annos
813 4021 902 4077 natus
937 4015 1075 4077 Graecas
1108 4016 1212 4076 literas
1257 4011 1378 4092 didicit,
1480 4081 1483 4086 ,

144 4122 253 4196 poetas
277 4115 505 4177 Alexandrinos
536 4116 749 4198 (Apollonium
780 4109 955 4197 Rhodium)
978 4119 1114 4179 imitatus
1146 4116 1378 4197 Argonauticon

144 4234 234 4298 epos,
260 4219 321 4278 alia
344 4219 558 4300 composuisse
582 4227 715 4298 constat,
752 4221 903 4280 amatoria
927 4239 1050 4300 quoque
1074 4221 1211 4281 carmina
1241 4221 1379 4299 elegiaca

144 4320 365 4401 conscripsisse
378 4327 529 4382 testantur
540 4323 718 4403 Propertius
741 4322 795 4403 (ll.
821 4321 873 4400 34,
899 4323 960 4386 85:
986 4324 1217 4406 „haecquoque
1238 4323 1376 4405 perfecto

140 4420 272 4496 ,ludebat
304 4422 416 4484 Iasone
449 4426 568 4501 Varro,
605 4425 703 4486 Varro
737 4425 912 4487 Leucadiae
946 4427 1082 4487 maxima
1103 4425 1228 4486 flamma
1261 4422 1374 4502 suae“)
1432 4457 1434 4462 .

144 4532 175 4586 et
198 4522 329 4586 Ovidius
352 4526 478 4600 (Trist.
494 4527 534 4605 lI,
558 4527 637 4590 439:
692 4530 741 4612 „la
764 4548 888 4611 quoqne
911 4529 1077 4590 Phasiacas
1103 4529 1188 4612 Argo
1212 4528 1264 4607 qni
1289 4527 1378 4589 duxit

143 4627 174 4687 in
198 4629 309 4710 undas,
333 4629 403 4690 Non
441 4632 542 4713 poluit
572 4631 701 4693 Veneris
735 4635 814 4694 furta
849 4643 952 4694 tacere
984 4630 1105 4710 suae“).
1165 4632 1281 4693 Eodem
1313 4632 1378 4693 fere
