3342 5532
715 391 864 454 ..9-

175 584 383 666 praesagiens.
430 582 595 664 cynthiam
615 585 704 660 (vero
728 583 856 644 nornine
879 581 1020 642 Hostiam
1053 580 1238 662 appellatam
1276 586 1403 642 narrant

176 691 311 764 veteres)
345 688 461 748 amavit
494 685 765 748 vehementissime
799 690 830 744 et
852 685 1008 745 viventem
1040 689 1071 744 et
1094 689 1258 764 mortuam,
1292 702 1400 765 quem·

175 809 268 874 quam
301 807 363 852 non
395 791 428 850 in
460 789 520 850 hac
542 807 604 848 una
626 796 739 870 poetae
762 805 899 848 amorem
923 786 1096 848 substitisse
1118 792 1252 852 constet.
1298 787 1402 848 Habe·

121 893 125 898 ’
176 915 242 956 mus
272 894 449 954 etiamnunc
479 892 632 974 Propertii
672 892 841 951 carminum
875 881 970 952 libros
1009 889 1073 969 IV,
1111 909 1189 971 quos
1228 890 1402 952 Lachman-

175 1018 231 1059 nus
261 997 350 1058 aliter
390 997 527 1057 carmine
577 993 789 1056 distribuendo
823 995 956 1074 quinque
998 991 1113 1075 effecit,
1155 992 1291 1054 secundo
1325 992 1403 1054 libro

122 1163 128 1170 ,
173 1103 205 1160 in
247 1101 324 1160 duos
363 1098 476 1176 diviso,
517 1097 599 1179 quod
640 1103 723 1158 recte
763 1098 878 1157 tactum
919 1114 988 1156 esse
1029 1115 1068 1156 ex
1101 1098 1176 1177 ipsis
1217 1095 1403 1157 carminibus

162 1203 307 1284 ¹perspici
329 1208 445 1283 potest.
492 1201 588 1262 Multo
611 1201 703 1262 etiam
726 1199 852 1261 liberius
878 1199 1032 1280 Gruppius
1055 1200 1195 1260 ordinem
1215 1199 1401 1278 singulorum

176 1306 346 1368 carminum
376 1311 578 1386 transponere
612 1309 740 1364 conatus
769 1308 828 1380 est,
863 1302 918 1363 sed
949 1300 1075 1379 frustra,
1107 1320 1295 1382 quamquam
1331 1320 1403 1363 eum

176 1411 227 1489 qui
251 1428 331 1470 nune
354 1415 401 1469 est
424 1406 564 1468 ordinem
593 1409 710 1486 Justum
741 1405 803 1466 non
835 1424 902 1467 esse
927 1423 1034 1467 omnes
1058 1407 1265 1466 consentiunt.
1321 1404 1403 1466 Nihil

175 1513 257 1574 aliud
281 1512 404 1593 scripsit
425 1511 601 1591 Propertius
625 1528 716 1589 quam
739 1509 865 1588 elegias,
898 1507 937 1568 ad
968 1509 1143 1589 exemplum
1169 1507 1351 1570 Callimachi
1373 1516 1406 1570 et
1432 1583 1436 1591 Ι

175 1616 313 1676 Philotae
328 1612 605 1691 Alexandrinorum
620 1612 691 1693 (lII,
702 1614 735 1691 1)
745 1647 784 1658 -
793 1611 963 1672 vocabatur
976 1611 1182 1673 Callimachus
1194 1611 1402 1672 Romanorum

176 1751 214 1762 -
240 1735 341 1796 neque
364 1722 468 1778 tamen
492 1735 599 1776 ornnes
623 1716 809 1793 amatorias,
841 1733 912 1774 nam
937 1721 968 1775 et
996 1715 1123 1776 secundi
1146 1715 1216 1777 libri
1234 1702 1404 1776 ¹nonnullae

176 1827 206 1881 et
235 1819 366 1880 extremi
396 1819 461 1880 iere
491 1837 598 1881 omnes
632 1825 685 1880 aut
714 1799 966 1897 argumentaex
997 1817 1088 1878 rebus
1115 1819 1217 1898 ‘gestis
1251 1818 1403 1880 fabulisve

173 1922 280 2004 populi
304 1921 435 1983 Romani
459 1921 588 1999 duxere,
624 1927 677 1982 aut
704 1921 744 1981 ad
768 1926 870 1982 certos
892 1917 1046 1999 homines,
1077 1927 1129 1982 aut
1159 1920 1199 1982 de
1221 1927 1313 2002 poeta
1335 1923 1403 2004 ipso

174 2026 308 2107 scriptae
338 2030 426 2086 sunt:
462 2031 495 2085 ut
522 2024 570 2087 his
601 2025 752 2105 exemplis
782 2030 866 2100 utar,
902 2024 971 2085 libri
1001 2023 1029 2083 ll
1057 2022 1213 2102 elegiaeI
1242 2024 1402 2100 11Α1Χ111

175 2129 397 2206 Maecenatem,
433 2128 471 2189 ad
497 2127 668 2206 Augustum
701 2127 833 2203 decima,
866 2125 936 2186 libri
966 2127 1066 2205 quarti
1095 2126 1196 2207 elegia
1225 2133 1334 2206 quarta
1364 2128 1403 2190 de

173 2223 292 2291 Romae
316 2230 555 2310 magnificentie,
586 2229 625 2290 ad
650 2229 852 2320 Vertumnum
876 2227 1023 2307 secunda,
1056 2237 1166 2310 quarta
1194 2229 1233 2291 de
1256 2219 1401 2312 Terpeja,

173 2332 212 2394 de
235 2335 365 2395 victoria
389 2332 520 2395 Actiaca
543 2338 643 2411 sexta,
680 2350 761 2392 nona
794 2332 833 2392 de
857 2331 990 2392 Hercule
1013 2340 1043 2394 et
1066 2331 1162 2410 Caco,
1199 2332 1333 2412 denique
1364 2333 1403 2394 de
1470 2389 1473 2396 .

172 2445 206 2499 se
229 2455 346 2518 suaque
369 2436 468 2514 gloria
489 2434 559 2496 libri
582 2435 664 2497 tertii
687 2434 805 2512 elegiae
828 2435 940 2514 prima,
973 2435 1122 2512 secunda,
1155 2437 1256 2496 tertia.

259 2537 406 2612 Quartum
431 2557 464 2599 se
488 2539 527 2600 ab
550 2538 610 2619 his,
636 2539 687 2617 qui
700 2555 780 2598 nunc
793 2539 1026 2597 commemorati
1040 2543 1120 2616 sunt,
1145 2539 1244 2618 poetis
1257 2538 1403 2617 elegiacis

172 2644 253 2705 serie
277 2642 422 2724 temporis
445 2641 540 2702 fuisse
562 2642 629 2721 ipse
651 2639 769 2700 indicet
782 2638 910 2700 Ovidius
924 2638 1070 2700 Tristium
1084 2640 1153 2701 libri
1177 2642 1278 2720 quarti
1301 2641 1403 2719 elegia

172 2745 294 2806 decima
312 2747 359 2822 (v.
381 2743 450 2820 51).
498 2743 596 2818 Quem
612 2743 707 2803 virum
723 2742 860 2803 omnium
874 2741 1005 2804 fortasse
1018 2750 1177 2823 poetarum
1188 2743 1399 2805 Romanorum

116 2909 123 2916 ,
173 2848 316 2906 maximis
354 2846 468 2924 ingenii
510 2844 632 2913 dotibus
663 2845 848 2926 praeditum,
892 2851 925 2905 ut
958 2844 1054 2908 verbo
1089 2845 1284 2925 Hertzbergii
1318 2865 1400 2907 com·
1430 2900 1433 2906 ,

175 2948 356 3010 modissimo
385 2955 464 3027 utar,
496 2947 653 3008 hodiernis
678 2946 984 3034 Gallissimillimum
1009 2947 1150 3028 (Hertzb.
1176 2955 1286 3028 quaest
1308 2951 1400 3030 Prop.

172 3051 238 3136 ao),
276 3071 368 3130 quum
405 3051 500 3111 multa
525 3050 587 3113 elia
610 3048 749 3110 versibus
773 3050 985 3130 composuisse
1008 3051 1202 3113 notissimum
1227 3053 1273 3125 sit,
1298 3056 1401 3115 tamen

170 3158 200 3215 in
234 3155 333 3234 elegia
366 3155 432 3234 ipse
466 3154 536 3232 sibi,
564 3151 916 3232 ’1111001101111111111111
943 3153 1079 3214 maxime
1103 3153 1257 3215 excellere
1280 3154 1402 3216 videtur
1454 3141 1463 3146 ”

171 3255 293 3338 (Amor.
319 3257 373 3318 lll.
396 3256 426 3334 1,
451 3255 515 3337 15).
561 3255 742 3314 Tamfacilc
766 3256 845 3316 enim
869 3257 900 3315 in
924 3262 1022 3316 metro
1046 3256 1184 3336 elegiaco
1208 3257 1400 3336 versabatur,

171 3367 204 3420 ut
226 3380 263 3420 ea
286 3361 391 3438 etiarn,
416 3378 496 3440 quae
519 3359 608 3438 epico
631 3356 812 3416 hexametro
837 3359 885 3417 vel
910 3366 1007 3419 ruetro
1028 3359 1163 3421 iambico
1177 3359 1238 3420 dici
1252 3361 1400 3439 solerent,

170 3469 351 3542 argumenta
374 3462 420 3522 his
444 3461 636 3542 potissimum
661 3459 799 3520 versibus
819 3458 991 3520 includeret
1005 3459 1049 3541 (v.
1064 3462 1104 3520 sis
1118 3459 1236 3540 Festos,
1251 3461 1398 3544 ibidem).

170 3567 268 3627 Natus
302 3568 349 3626 est
381 3565 416 3628 Ρ.
450 3561 580 3652 Qvidius
603 3561 687 3620 Naso
712 3580 741 3620 a.
768 3582 798 3620 u.
824 3559 883 3621 711
910 3562 1070 3624 Sulmone.
1128 3562 1196 3623 Arti
1230 3563 1402 3626 rhetoricae

170 3689 238 3730 eum
264 3667 495 3729 adolescentem
520 3665 681 3726 vacavisse
705 3670 883 3726 auctorest
906 3663 1202 3748 5111101(00111101.
1223 3668 1264 3729 ll.
1287 3670 1339 3746 10,
1354 3669 1400 3750 8),

168 3770 274 3832 Arellii
299 3769 400 3848 Fusci,
425 3769 524 3830 Porcii
548 3757 693 3828 Latronis
720 3766 892 3828 auditorem
917 3787 986 3829 eum
1010 3769 1103 3832 tuisse
1127 3755 1253 3850 dicens,
1285 3771 1398 3833 deinde

170 3872 398 3953 magistratibus
428 3871 614 3952 quibusdam
648 3869 816 3931 minoribus
846 3873 940 3950 gestis
972 3878 1068 3933 totum
1103 3893 1136 3934 se
1167 3865 1267 3934 studio
1297 3876 1401 3955 poesis

169 3975 303 4038 tradidit.
350 3977 412 4038 Ter
435 3993 547 4037 uxores
570 3975 675 4047 duxit3
707 3976 795 4036 tertia
819 3994 897 4034 uxor·
919 3973 1026 4052 Fabia,
1052 3976 1272 4036 emicaLiviae
1296 3975 1400 4055 Augu-

69 4135 70 4139 ,
169 4083 246 4155 stae,
283 4083 314 4139 et
347 4077 408 4138 filia
431 4077 543 4139 Perille
575 4079 710 4158 poetria,
747 4096 823 4157 quas
855 4085 960 4138 tenere
983 4079 1109 4156 amavit,
1136 4079 1245 4138 marito
1269 4069 1300 4138 11
1321 4080 1402 4158 patri

169 4182 358 4260 superstites.
417 4179 524 4245 Fuisse
558 4187 667 4240 autem*
685 4178 829 4239 Ovidium
867 4179 971 4241 animo
1005 4180 1069 4240 levi
1103 4185 1134 4240 et
1166 4181 1282 4241 lascivo
1306 4200 1398 4262 quum

169 4284 242 4343 satis
266 4301 305 4342 ex
328 4285 472 4363 operibus
495 4287 561 4364 ejus
585 4289 743 4362 arguatur,
769 4282 859 4346 facile
882 4290 929 4343 111
944 4283 1130 4363 intelligere,
1144 4282 1397 4345 illumhomincm

169 4385 252 4447 mrlla
276 4404 392 4446 morum
417 4387 465 4446 vel
489 4388 582 4447 animi
605 4386 778 4447 constantia
801 4387 830 4444 in
854 4386 945 4447 rebus
969 4385 1106 4447 adversis
1127 4385 1233 4447 dolore
1253 4393 1283 4447 et
1303 4387 1401 4466 aegri·

168 4488 274 4550 tudine
298 4493 444 4549 vexatum
468 4489 608 4552 fortunae
631 4477 845 4550 succubuisse.
904 4488 1012 4551 Subito
1036 4489 1116 4549 enim
1141 4489 1180 4550 ab
1204 4488 1345 4570 Augusto
1367 4490 1398 4549 in

168 4593 307 4655 exsilium
332 4593 461 4673 ejectus,
486 4599 519 4652 ut
541 4593 708 4670 terebatur,
733 4597 862 4678 propter·
885 4591 1042 4653 lasciviam
1062 4593 1241 4678 carminum,
1265 4611 1297 4652 re
1321 4611 1393 4680 vera
