3342 5532
838 461 1004 526 ..12-

310 658 435 733 teretur,
460 659 545 716 tauto
567 654 635 735 plus
657 653 716 718 sibi
737 653 768 715 in
790 653 910 734 privata
939 653 1003 714 vita
1029 651 1179 746 licentiae¹
1205 652 1315 732 singuli
1331 629 1539 714 'assumerent
1628 665 1629 670 ’

210 826 213 836 y
311 794 350 806 -
385 757 431 820 hia
463 759 557 838 igitur
589 758 779 839 temporibus
818 776 856 818 ne
890 757 1076 818 matrimonii
1116 755 1241 838 quidem
1275 756 1404 818 vinculis
1438 757 1539 817 teneri

310 861 451 923 homines
474 861 687 923 adolescentes
711 861 820 922 doctos
842 860 980 941 inprimis
1003 859 1273 944 intelligentesque
1296 862 1364 939 quis
1387 860 1539 924 miratur?

312 963 504 1045 Quamquam
530 983 591 1026 non
615 965 671 1024 viri
695 965 806 1044 sulum,
831 962 884 1024 sed
909 964 1089 1044 saepissime
1112 965 1203 1024 etiam
1217 963 1359 1026 mulieres
1379 965 1537 1044 elegantes

311 1074 342 1128 et
363 1067 483 1128 liberali
507 1068 648 1129 doctrina
677 1064 792 1148 politae
827 1099 866 1112 -
894 1065 992 1148 qualis
1024 1065 1134 1128 Clodia
1166 1066 1278 1128 Catulli
1307 1101 1349 1113 -
1379 1066 1469 1127 nullis
1503 1073 1554 1128 se'

311 1171 440 1231 vinculis
465 1173 561 1233 teneri
585 1172 735 1252 patientes
760 1175 838 1231 totas
858 1188 927 1231 sese
939 1169 1057 1230 libidini
1077 1168 1346 1251 voluptatibusque
1359 1168 1537 1233 tradebant.

309 1272 448 1355 ¹Sulpicia
466 1273 531 1352 illa,
557 1273 671 1334 femina
691 1290 752 1334 noo
764 1271 920 1353 ignobilis,
945 1291 986 1333 ex
998 1280 1090 1352 gente
1104 1273 1317 1352 antiquissIma
1331 1271 1535 1354 Sulpiciorum

311 1375 452 1454 oriunda,
478 1383 623 1456 quantam
646 1376 753 1454 elegiis
776 1376 837 1436 suis
857 1375 990 1437 libidinis
1009 1375 1202 1436 insolentiam
1217 1375 1365 1457 ostendit,
1389 1383 1537 1455 quantam

313 1495 431 1538 morum
464 1478 641 1540 licentiam?
693 1477 779 1553 Quae
802 1497 893 1560 quum
918 1479 961 1538 ita
983 1485 1099 1557 essent,
1127 1477 1284 1540 liberrima
1313 1477 1539 1540 consvetudine

207 1633 209 1638 .
312 1580 493 1661 plerumque
526 1581 688 1642 utebantur
722 1583 779 1642 viri
814 1580 1030 1661 mulieresque,
1066 1567 1288 1661 amplexusque
1325 1581 1538 1644 libertinarum

312 1682 515 1764 aliarumque,
540 1684 646 1764 quales
669 1684 751 1764 apud
776 1683 912 1745 Graecos
936 1680 1048 1765 ἑταῖραι
1070 1682 1141 1745 illae
1159 1682 1311 1762 famosae,
1335 1684 1539 1747 adolescenti·

311 1787 367 1847 bus
391 1787 488 1865 magis
509 1785 656 1866 placebat
677 1805 768 1868 qnam
794 1807 863 1848 cum
888 1786 1002 1867 pudica
1032 1805 1127 1848 uxore
1150 1787 1255 1869 quieta
1285 1788 1348 1850 vita
1373 1823 1410 1836 -
1434 1795 1466 1851 ut
1498 1789 1539 1850 de

311 1907 474 1970 puerorum
498 1906 603 1949 amors
626 1909 750 1970 prorsus
774 1894 906 1954 taceam.
1337 1946 1339 1966 ,
1486 1880 1489 1886 ’

395 1993 430 2053 In
453 1992 500 2053 his
523 1990 614 2054 rebus
638 1993 775 2069 vertitur,
809 1991 857 2052 his
880 1992 985 2053 nititur
1014 1992 1115 2074 elegia
1137 1992 1358 2072 Romanorum,
1391 1994 1468 2056 haec
1491 2003 1540 2059 est

311 2096 377 2174 ejus
405 2100 469 2156 tota
492 2094 645 2174 condictu,
671 2096 736 2157 siue
759 2114 820 2177 qua
838 2113 900 2156 uon
923 2103 1025 2176 potest
1047 2116 1148 2177 neque
1167 2103 1248 2158 stare
1268 2116 1371 2177 neque
1392 2099 1538 2179 intelligi.

312 2196 400 2272 Quod
424 2199 565 2278 quamvis
595 2197 633 2259 sit
661 2218 782 2275 verum,
816 2204 921 2260 tamen
951 2218 1044 2280 saepe
1079 2200 1163 2261 multi
1190 2218 1310 2282 eorum,
1334 2202 1385 2281 qui
1416 2200 1454 2261 de
1476 2200 1540 2264 hoc

311 2319 424 2380 genere
448 2300 615 2382 disputant,
646 2302 770 2382 politica
793 2301 959 2380 elegiarum
984 2307 1144 2363 venustate
1174 2308 1205 2364 et
1235 2302 1387 2382 elegantia
1420 2303 1540 2365 inducti
1632 2369 1633 2374 ,

312 2423 373 2465 son
407 2405 547 2466 omittere
581 2404 635 2466 sed
670 2404 739 2466 velo
773 2403 907 2485 quodam
942 2411 973 2465 et
1003 2404 1125 2465 decenti
1155 2411 1186 2465 et
1209 2404 1348 2468 mendaci
1382 2407 1539 2468 occultare

313 2505 386 2566 mihi
404 2505 555 2570 videntur.
598 2507 705 2587 Igitur,
730 2509 754 2567 si
778 2508 844 2588 quis
863 2523 943 2586 quae
955 2508 995 2568 sit
1006 2507 1125 2568 indoles
1143 2507 1262 2588 elegiae
1277 2508 1359 2589 apud
1378 2507 1538 2572 Romanos

311 2609 491 2690 interroget,
526 2611 658 2691 primum
694 2611 828 2672 omnium
859 2608 1107 2691 respondendum
1137 2617 1194 2686 est,
1229 2610 1322 2671 talem
1356 2631 1423 2672 eam
1454 2630 1536 2692 esse,

312 2713 410 2791 qualis
445 2732 598 2794 nunquam
629 2714 686 2774 nisi
717 2713 867 2794 corruptis
902 2719 1074 2794 temporum
1110 2712 1248 2774 moribus
1280 2714 1351 2774 oriri
1389 2715 1535 2795 potuerit.

396 2815 512 2877 Verum
543 2822 646 2892 tamen
675 2817 739 2877 scio
772 2815 915 2897 equidem
946 2821 976 2878 et
1003 2816 1114 2896 fateor,
1151 2817 1176 2876 si
1206 2817 1274 2897 quis
1301 2835 1367 2878 reru
1402 2817 1535 2902 aliquam

312 2920 378 2980 sola
410 2919 476 2980 veri
509 2918 646 3000 perlecta
680 2925 711 2981 et
744 2919 884 2980 absoluta
917 2920 1082 2980 severitate
1114 2920 1337 2996 aestimaverit,
1372 2939 1442 2981 eum
1471 2940 1536 2982 nou

313 3023 353 3085 ab
397 3022 482 3083 omui
524 3028 612 3104 parte
656 3041 719 3082 reru
764 3021 966 3103 ponderasse.
1024 3021 1113 3085 Aliae
1157 3031 1227 3084 sunt
1270 3040 1411 3101 morum,
1457 3023 1537 3084 aliae

313 3145 457 3187 versuum
482 3125 621 3188 virtutes.
646 3125 759 3204 Negari
782 3144 857 3186 sanc
879 3143 941 3185 uon
963 3132 1077 3205 potest,
1102 3126 1339 3206 quantomagis
1369 3145 1438 3187 cum
1462 3146 1537 3188 vera

312 3226 471 3289 bominum
495 3226 643 3308 dignitate
666 3228 855 3290 conveniant
877 3227 1006 3289 affectus
1034 3229 1141 3307 animi,
1166 3235 1251 3290 tauto
1274 3229 1373 3308 magis
1408 3236 1535 3311 poetam

298 3347 387 3392 rvere
409 3337 532 3415 poetam
555 3329 753 3411 judicandum
777 3349 861 3414 esseq
884 3331 1086 3412 quamobrem
1109 3335 1312 3394 recentiorum
1343 3333 1442 3413 lyrica
1469 3352 1535 3395 car·

268 3447 270 3452 '
314 3436 408 3517 mina,
433 3432 543 3516 quibus
567 3453 661 3516 purae
685 3436 797 3496 mentis
820 3453 907 3496 amor
930 3437 1021 3506 castis
1053 3437 1192 3498 versibus
1226 3426 1446 3516 perscribatur,
1471 3455 1536 3496 ‘'an-

313 3540 418 3621 tiquae
450 3538 493 3600 illi
515 3537 635 3618 elegiae
658 3536 841 3617 blandienti,
873 3537 927 3600 sed
961 3558 1021 3600 non
1055 3557 1177 3620 semper
1210 3539 1406 3599 verecundae
1440 3538 1537 3600 multo

313 3649 472 3722 praestare
495 3640 554 3702 hoc
573 3640 681 3702 saltem
706 3641 841 3702 nomine.
895 3640 956 3701 Sed
980 3643 1003 3701 si
1027 3643 1094 3720 quis
1118 3643 1253 3718 carmina
1276 3640 1315 3701 ob
1345 3641 1534 3720 depravatos

314 3764 415 3807 mores
438 3744 675 3805 condemnanda
697 3743 1008 3826 nomineque'potsis
1033 3743 1162 3822 indigua
1178 3743 1353 3824 judicanda
1373 3762 1441 3805 esse
1464 3761 1536 3804 ceu·

314 3852 388 3925 seat,
412 3848 438 3908 is
460 3846 542 3906 nullo
566 3847 660 3909 modo
678 3849 779 3927 justus
801 3848 833 3906 in
856 3847 1056 3932 aestimandis
1078 3852 1237 3928 poctarum
1262 3845 1407 3929 operibus
1432 3847 1540 3907 vocari

313 3949 419 4014 debet.
465 3948 527 4009 Sed
551 3949 628 4009 —si
652 3949 735 4012 hauc
757 3968 823 4010 rem
845 3949 964 4030 planius
987 3949 1144 4029 explicare
1157 3949 1281 4028 vellem,
1307 3950 1346 4009 de
1364 3946 1537 4010 aestbetiea

314 4059 379 4116 arte
408 4051 487 4114 liber
519 4050 714 4131 scribendus,
759 4070 821 4112 uon
851 4051 890 4112 de
923 4037 1023 4131 elegia
1064 4052 1229 4133 disputatio
1263 4050 1407 4113 habenda
1451 4057 1538 4128 erat;

313 4158 418 4237 itaque
441 4156 484 4215 sic
507 4153 711 4215 determinata
735 4155 923 4216 utbreviter
945 4155 1087 4237 exposita
1111 4175 1179 4218 mea
1204 4155 1243 4216 de
1266 4155 1325 4217 hac
1347 4175 1380 4216 re
1414 4160 1536 4216 senten-

315 4260 369 4338 tia,
392 4259 425 4318 iu
447 4258 551 4319 indole
574 4258 693 4338 elegiae
705 4258 913 4319 Romanorum
939 4258 1145 4324 describenda
1166 4259 1328 4321 consilium
1355 4278 1455 4320 meum
1468 4277 1538 4339 per-

313 4379 346 4422 se
371 4379 436 4421 uar.
937 4409 945 4432 ,

349 4379 369 4442 q
398 4445 473 4507 Dixi
502 4465 611 4527 supra,
647 4446 776 4526 elegiam
809 4447 1031 4525 Romanorum,
1069 4448 1209 4526 quamvis
1244 4447 1282 4508 ab
1317 4445 1538 4507 Alexandrinis

314 4549 459 4632 pendeat,
485 4556 589 4610 tamen
611 4550 744 4631 quodam
769 4549 862 4612 modo
885 4569 997 4611 novam
1023 4569 1102 4629 esse,
1129 4550 1211 4631 quod
1236 4570 1315 4610 nunc
1344 4547 1537 4630 probandum

314 4657 372 4718 est.
440 4651 515 4712 Erat
559 4658 660 4716 autem
695 4655 797 4737 po'u'sis
830 4654 969 4740 elegiaca
1004 4653 1304 4736 Alexandrinorum,
1340 4649 1533 4727 Callimachi,
