3342 5532
835 471 1003 536 ..10-

306 663 345 727 ob
369 665 457 725 aliam
482 663 536 724 sed
560 664 695 745 ignotam
719 663 801 724 illam
832 662 956 744 quidem
982 680 1118 742 causam,
1144 662 1259 724 Tomos
1283 662 1312 723 in
1337 663 1443 724 urbam
1469 662 1528 726 Ge»

306 775 403 834 tarum
439 766 611 830 exsulatum
643 768 711 848 ivit,
747 767 798 829 ubi
833 786 925 848 quum
963 773 1032 828 octo
1062 786 1159 828 annos
1190 767 1276 829 nulla
1298 767 1359 827 alia
1381 788 1415 828 re
1437 787 1527 854 quarn

306 871 493 934 carminibus
527 869 698 952 pangendis
721 871 860 933 solatium
886 889 1040 950 quaerens
1062 871 1204 948 vixisset,
1228 870 1292 932 tato
1315 890 1371 930 suo
1394 871 1490 931 vietus
1513 890 1529 932 e

297 973 370 1038 *vitu
392 975 527 1036 excessit
549 994 577 1040 a.
601 995 629 1037 u.
653 973 727 1036 770,
785 972 888 1055 Opera
910 969 1016 1060 autem'
1037 971 1141 1033 Ovidii
1164 973 1225 1034 huc
1247 973 1431 1060 pertinentia
1454 973 1530 1033 haec

307 1082 393 1140 suut:
440 1075 473 1159 1)
507 1077 658 1180 Amorum
686 1076 755 1137 libri
777 1075 833 1157 Ill,
859 1095 936 1162 quos
961 1076 1046 1136 multi
1069 1076 1221 1166 principio
1244 1077 1392 1157 quinque,
1419 1075 1530 1138 deinde

307 1197 388 1240 nova
419 1179 515 1260 ipsius
547 1188 659 1266 poetae
692 1180 875 1241 recensione
908 1181 938 1239 in
973 1180 1062 1240 trium
1092 1179 1532 1241 numerum1·edacmssuis.·e

307 1288 445 1359 censent,
478 1283 527 1343 cui
558 1284 693 1370 opinioni
717 1288 821 1344 tamen
843 1282 972 1344 Jahnius
995 1288 1156 1370 repugnat.
1204 1281 1272 1357 Quo
1296 1287 1435 1362 tempore
1458 1281 1533 1342 editi

306 1385 379 1465 siut,
404 1384 531 1450 difficile
554 1393 601 1445 est
624 1385 739 1464 dicere,
765 1384 954 1447 variantibus
977 1387 1056 1447 lntcr
1079 1384 1250 1446 annos¹739
1270 1383 1376 1446 saraa
1398 1386 1531 1444 virorum

307 1488 468 1552 doctorum
503 1490 673 1558 sententiis,
717 1489 759 1551 Ut
787 1493 853 1574 jam
888 1510 928 1550 ex
961 1491 1029 1571 ipso
1059 1488 1206 1550 librorum
1232 1489 1356 1548 nomine
1379 1488 1534 1573 conjicere

307 1592 390 1669 licet,
427 1609 549 1653 amores
573 1589 686 1671 Ovidii,
724 1593 904 1673 praesertim
930 1593 1094 1672 Corinnae,
1130 1590 1176 1652 his
1210 1591 1294 1652 libris
1324 1592 1532 1653 continentur.

305 1692 741 1776 2)He1·0ioes,heroinarum
767 1696 927 1776 epistolae,
952 1715 1027 1777 quas
1051 1695 1090 1755 ad
1111 1715 1200 1757 suurn
1224 1711 1378 1774 quamque
1391 1694 1533 1753 maritum

307 1805 359 1862 aut
392 1799 524 1859 amicum
559 1797 718 1860 absentem
753 1800 912 1882 scripsisse
947 1799 1035 1879 tingit
1068 1797 1217 1876 Ovidius3
1253 1797 1334 1878 quod
1369 1816 1466 1876 genus
1500 1815 1536 1856 sc

305 1902 460 1966 iuvenisse
492 1902 558 1980 ipsc
593 1901 752 1961 contendit
784 1900 858 1984 (Ars
886 1920 946 1965 am.
970 1900 1024 1979 Ill,
1051 1898 1139 1983 345),
1174 1918 1275 1978 neque
1299 1906 1345 1960 est
1368 1919 1421 1959 cur
1443 1897 1536 1960 aliter

306 2024 371 2068 rem
395 2022 463 2064 sesa
486 2002 601 2064 habere
624 1981 805 2082 cre‘damus3
836 2005 952 2086 aliquot
974 2004 1061 2064 annis
1084 2009 1154 2064 ante
1178 2003 1316 2063 exsilium
1341 2001 1440 2063 editas
1462 2020 1534 2065 esse

305 2106 449 2167 heroides
482 2125 589 2167 omues
624 2109 829 2173 consentiunt.
888 2107 1030 2168 Ceterum
1063 2106 1100 2166 de
1134 2104 1295 2168 heroidum
1320 2105 1534 2166 nonnullarum
1622 2130 1626 2148 r

305 2209 367 2270 fide
392 2208 482 2269 valde
506 2207 683 2286 dubitatur,
712 2210 850 2292 inprimis
874 2215 1032 2270 extremae
1056 2209 1204 2290 epistolae
1228 2227 1282 2268 sex
1308 2207 1386 2268 Aulo
1411 2207 1533 2284 cuidam

306 2311 423 2373 Sabino
457 2311 548 2391 vulgo
581 2313 765 2374 tribuuntur.
813 2313 845 2391 3)
881 2313 1058 2398 Sequuntur
1093 2309 1151 2372 Ars
1185 2312 1348 2387 amatoria,
1383 2309 1534 2373 Remedia

218 2423 221 2430 “
306 2415 433 2492 amoris,
460 2413 666 2478 Medicamina
689 2415 791 2492 faciei,
818 2414 928 2502 qulbus
952 2413 1096 2495 operibus
1118 2420 1210 2496 poeta
1235 2433 1303 2474 curn
1328 2412 1430 2498 lepida
1459 2432 1533 2493 qua-

307 2517 377 2578 dam
412 2518 510 2580 ironia
543 2517 691 2578 lectorem
715 2518 754 2578 de
777 2525 869 2579 rebus
893 2518 931 2578 ad
956 2536 1092 2578 amorem
1115 2516 1341 2602 pertinentibus
1364 2535 1397 2576 se
1421 2514 1535 2577 docere
1642 2565 1643 2590 3

307 2619 440 2696 simulat,
467 2638 529 2703 qua
550 2639 583 2680 re
606 2619 649 2702 fit,
673 2626 706 2681 ut
729 2619 890 2686 videantur
913 2639 1014 2702 neque
1041 2621 1101 2679 sint
1125 2619 1288 2684 didactica.
1335 2617 1367 2699 4)
1391 2617 1535 2701 Denique

307 2722 376 2783 libri
389 2722 532 2783 Tristium
552 2723 594 2800 V,
620 2723 843 2808 qninquaginta
867 2723 981 2803 elegias
1002 2722 1208 2799 continentes,
1233 2729 1263 2784 et
1286 2722 1481 2804 epistolarum
1495 2741 1535 2781 ex

306 2824 404 2886 Ponto
439 2824 644 2905 quadraginta
677 2844 733 2886 sex
765 2825 836 2886 libri
860 2825 914 2904 IV,
947 2824 1058 2904 quibus
1083 2825 1120 2886 de
1145 2824 1265 2891 fortuna
1289 2843 1344 2886 sua
1367 2831 1398 2885 et
1420 2823 1530 2885 exsilio

307 2927 444 3011 queritur
467 2925 595 2990 Ovidius
663 2928 754 2992 Falso
788 2934 890 2989 autern
916 2926 1020 2988 Ovidii
1051 2927 1152 2989 diotae
1175 2935 1244 2988 sunt
1266 2947 1334 2988 esse
1356 2926 1435 2989 aliae
1458 2946 1533 2988 non·

307 3031 408 3094 nullae
431 3031 561 3111 elegiae,
576 3050 652 3115 quas
665 3030 761 3094 verbo
784 3032 934 3111 attingere
947 3032 1021 3092 satis
1034 3032 1109 3093 erit:
1135 3031 1206 3090 Nux
1219 3030 1336 3109 elegia3
1358 3029 1535 3091 Consolatio

232 3180 235 3186 .
308 3133 347 3194 ad
382 3133 497 3193 liviam
533 3133 716 3213 Augustam,
753 3155 844 3217 qnam
880 3143 951 3197 sunt
984 3137 1034 3220 qui
1076 3135 1209 3196 Pedonis
1245 3133 1435 3197 Albinovani
1467 3155 1536 3198 esse

308 3235 422 3313 velint,
458 3237 558 3315 elegia
592 3235 628 3296 ad
661 3236 877 3318 Philomelam,
913 3239 1002 3318 aliae,
1040 3256 1132 3321 quae,
1167 3239 1291 3300 serioris
1325 3239 1434 3302 aetatis
1467 3257 1536 3304 esse

308 3336 463 3400 videntur.

393 3441 443 3502 Elx
475 3442 524 3521 iis,
560 3443 611 3524 qui
636 3441 750 3505 Ouidio
784 3444 931 3528 aequales
965 3445 1098 3525 inerunt,
1135 3447 1234 3526 poetis
1268 3446 1411 3525 elegiacis
1444 3466 1536 3508 nemo

308 3544 459 3605 celebrior
491 3545 584 3608 luisse
617 3546 741 3608 videtur
773 3567 865 3629 quam
895 3549 934 3630 is,
971 3568 1061 3633 quern
1096 3570 1187 3633 supra
1211 3550 1535 3630 commemoravimus,

310 3646 345 3707 Ο.
371 3647 455 3707 Pedo
479 3645 705 3729 Albinovanus,
742 3651 780 3712 ad
817 3671 907 3733 quem
943 3654 1056 3734 scripta
1091 3662 1138 3713 est
1171 3653 1299 3734 epistola
1324 3653 1443 3714 decima
1466 3651 1534 3715 libri

309 3749 410 3826 quarti
433 3749 640 3830 Epistolarum
681 3772 720 3812 ex
761 3754 872 3815 Ponto,
942 3753 1009 3814 Fuit
1046 3756 1137 3833 igitur
1176 3757 1292 3816 amicus
1327 3754 1443 3836 Ovidii,
1484 3757 1536 3837 qui

308 3850 482 3932 ,siderann
506 3837 684 3914 aaronem
708 3855 814 3915 raum
838 3855 909 3938 (up.
934 3876 973 3916 ex
996 3857 1094 3917 rona
1117 3856 1173 3917 ru.
1199 3858 1249 3940 ra,
1273 3857 1318 3940 a).
1367 3858 1429 3920 aec
1453 3857 1538 3917 nnn

308 3955 375 4033 ejus
408 3954 507 4035 elegia
540 3962 646 4019 restat.
705 3957 844 4038 Denique
874 3959 1147 4039 praetermittenda
1175 3977 1234 4019 non
1258 3968 1305 4022 est
1328 3979 1377 4041 ea,
1403 3960 1536 4040 quaein

307 4056 476 4117 Catalectis
490 4075 569 4136 quae
593 4058 734 4121 dicuntur
747 4062 935 4143 Vergilianis
958 4061 1112 4122 invenitur
1124 4061 1223 4142 elegia
1241 4062 1279 4123 ad
1300 4063 1343 4125 M.
1358 4062 1535 4141 Messalam,

309 4176 370 4238 qua
392 4160 536 4222 maximis
558 4159 701 4223 laudibus
725 4162 892 4224 efferuntur
905 4163 1029 4223 Corvini
1053 4170 1084 4224 et
1105 4184 1154 4224 res
1175 4170 1207 4226 et
1223 4163 1308 4242 libri3
1333 4166 1536 4243 cujustamen

309 4266 427 4339 auctor,
463 4265 605 4343 qnoniam
630 4262 759 4343 Vergilii
793 4267 889 4347 ipsius
919 4284 979 4326 non
1008 4271 1215 4348 potestesse,
1239 4267 1361 4345 ignotus
1384 4272 1458 4354 cst„
1490 4267 1538 4328 De

308 4364 431 4424 serioris
465 4368 574 4427 aetatis
608 4369 706 4448 po'c'tis
740 4369 884 4448 elegiacis
919 4370 1086 4452 elegiisque
1121 4368 1171 4431 hic
1205 4369 1288 4451 loqui
1322 4368 1397 4446 mihi
1430 4368 1537 4447 licebit

308 4466 519 4559 supersedere,

821 4679 1021 4688 m
