3342 5532
840 455 1008 526 -rt-
1100 553 1103 556 Ι

313 651 488 737 Propertius
511 654 541 724 in
564 653 663 732 elegia
685 671 746 714 non
777 653 921 734 simplex,
953 653 1008 714 sed
1037 653 1158 736 doctus,
1190 655 1343 718 interdum
1366 657 1457 720 etiarn
1480 657 1529 722 ob·

312 777 435 836 saurus,
460 771 521 818 non
544 776 585 818 ex
606 756 697 838 pleno
721 761 850 837 pectore
871 754 937 816 fluit
959 756 1058 818 oratio
1082 760 1160 838 ejus,
1186 757 1240 819 sed
1264 777 1334 821 suos
1357 761 1424 840 ipse
1444 759 1529 823 affec-

311 867 358 920 tus
382 861 517 921 maxima
540 858 680 920 doctrina
703 863 928 920 commentatur
957 863 988 919 et
1017 879 1086 920 cum
1111 879 1229 940 eorum,
1246 847 1313 940 ¹qui
1344 865 1465 926 suntin
1486 865 1529 935 fa-

311 963 390 1025 bulis
413 963 570 1044 mythieis,
595 967 766 1043 comparat,
792 959 902 1039 quibus
932 959 1042 1023 fabulis
1072 962 1220 1024 immixtis
1251 963 1382 1027 efficitur
1410 968 1530 1049 propria

310 1065 532 1148 Propertianae
554 1065 626 1126 artis
650 1062 795 1125 dulcedo.
852 1063 961 1142 Neque
994 1068 1097 1126 tamen
1127 1046 1283 1144 ingenium
1318 1071 1384 1150 ejus
1418 1077 1450 1131 ul
1482 1071 1528 1132 Ti·

191 1237 194 1242 ,
309 1168 384 1232 bulli
407 1167 562 1249 placidum
585 1173 617 1228 et
638 1164 835 1243 tranquillum
859 1183 961 1243 neque
983 1165 1137 1246 religionis
1167 1167 1309 1248 plenum3
1345 1173 1455 1251 igneus
1487 1179 1530 1237 est

308 1272 467 1353 Propertio
490 1288 635 1330 sensuum
658 1268 800 1349 vigeret
829 1267 921 1328 ordor
949 1266 1114 1329 affectuum
1143 1261 1414 1355 concitatissimos,
1440 1295 1528 1373 quern

308 1381 412 1435 temen
434 1374 500 1455 ipse
523 1371 582 1432 sibi
610 1377 785 1452 temperans
814 1372 926 1432 mentis
954 1372 1184 1453 computatione
1213 1392 1413 1457 compescere
1437 1385 1468 1440 et
1489 1380 1528 1440 le·

306 1476 380 1558 pida
402 1476 500 1536 ironia
523 1474 620 1535 lenire
642 1492 704 1536 non
736 1475 845 1535 nescit.
902 1473 1019 1537 Versus
1053 1476 1145 1536 etiam
1179 1476 1397 1560 Propertiauus
1430 1500 1528 1561 neque

307 1579 432 1641 sedatus
455 1597 556 1657 neque
579 1576 687 1638 vadosi
710 1577 852 1638 torrentis
875 1577 972 1637 instar
994 1577 1146 1658 fragosus,
1178 1580 1232 1640 sed
1256 1587 1402 1662 tanquam
1426 1585 1529 1664 ingen-

307 1686 345 1745 tis
367 1681 502 1743 fluminis
525 1680 642 1762 impetu
665 1678 844 1758 effunditur,
870 1698 993 1761 semper
1014 1679 1228 1761 rhythmorum
1253 1684 1431 1765 plenissimo
1456 1707 1530 1750 sono

306 1786 470 1866 magnifice
492 1776 670 1865 splendens.
894 1860 895 1866 ἵ
1347 1869 1349 1872 Ι

309 1882 329 1901 ”
390 1887 545 1971 „Ovidius
568 1893 705 1967 utroque.
721 1882 899 1946 lascivior.“
944 1885 996 1948 Sis
1019 1885 1240 1962 Quinctilianus
1265 1889 1322 1968 (X.
1342 1891 1373 1970 l,
1393 1891 1448 1976 93)
1472 1913 1528 1954 nec

304 2012 379 2055 sane
401 1990 526 2071 injuria.
572 1988 651 2050 Nam
677 2006 771 2068 quum
794 1989 855 2049 sint
878 1988 1019 2051 Tibullus
1043 1997 1074 2051 et
1095 1991 1271 2072 Propertius
1294 1994 1324 2053 in
1347 2007 1454 2057 amore
1477 1997 1528 2057 de·
1618 2019 1619 2030 ¹

304 2093 469 2158 scribendo
492 2092 648 2170 ardentes,
673 2110 829 2171 nunquam
853 2090 1023 2170 libidinosi,
1049 2090 1177 2155 Ovidius
1208 2114 1344 2156 amorem
1369 2097 1407 2158 ad
1430 2105 1527 2161 artem

303 2206 334 2261 et
355 2201 526 2280 praecepta
547 2196 719 2256 revocavit.
777 2193 985 2270 Quamobrem
1020 2212 1081 2256 non
1111 2203 1157 2256 est
1185 2197 1341 2262 fortuitum
1374 2207 1427 2260 aut
1457 2221 1528 2262 casu

295 2293 429 2380 ¹sactum,
455 2306 488 2359 ut
510 2299 535 2359 is
559 2296 751 2379 potissimum
775 2296 886 2359 librum
910 2297 1065 2377 quendam
1091 2297 1219 2381 „Artem
1232 2301 1376 2364 amandi“
1400 2304 1527 2387 inscrip-

303 2404 387 2467 serit.
443 2399 532 2475 Quod
563 2407 664 2461 autem
696 2400 842 2461 nonnulla
871 2419 927 2461 sua
957 2418 1063 2482 opera,
1088 2421 1168 2481 quae
1190 2422 1283 2485 supra
1305 2423 1527 2468 commemora·

302 2511 414 2585 vimus,
439 2508 544 2585 specie
567 2510 597 2565 et
620 2503 719 2564 forma
742 2503 866 2582 quidem
896 2503 1065 2582 didactica,
1097 2524 1130 2565 re
1158 2525 1233 2567 vera
1262 2509 1419 2570 amatoria·
1441 2511 1525 2590 fecit,
1618 2573 1619 2580 ,

300 2609 332 2670 id
356 2629 423 2670 eam
447 2609 546 2689 ipsam
569 2606 609 2668 ob
640 2626 763 2667 causam
800 2607 911 2667 iecisse
945 2625 1014 2667 eum
1047 2609 1243 2687 perspicuum
1267 2615 1324 2689 est,
1361 2619 1393 2673 ut
1427 2613 1528 2676 torma

301 2712 455 2773 diductius
477 2710 565 2788 qussi
587 2727 673 2768 suam
701 2704 796 2788 ipsius
819 2709 989 2788 nequitiam
1021 2708 1181 2774 irrideretz
1217 2711 1291 2794 „llle
1325 2733 1383 2794 ego
1418 2719 1525 2797 nequi·
1617 2739 1618 2744 ¹

301 2817 362 2877 tiae
383 2814 468 2874 Naso
491 2818 585 2893 poeta
609 2808 728 2873 meae“.
766 2810 887 2884 (Amor.
921 2809 962 2886 ll,
986 2811 1034 2888 2).
1082 2811 1169 2873 Multi
1188 2833 1261 2875 vero
1281 2817 1323 2877 ita
1335 2817 1524 2900 existimant,

300 2917 465 2978 Corinnam
488 2914 570 2975 illam
596 2932 688 2992 quam
713 2913 983 2976 vehementissime
1003 2935 1036 2975 se
1054 2933 1159 2977 amare
1179 2916 1251 2979 dicit
1270 2937 1409 2982 amorum
1429 2921 1524 3000 libris,

298 3036 448 3098 nusquam
474 3017 530 3078 nisi
552 3017 582 3077 in
606 3023 708 3079 mente
730 3019 826 3098 ipsius
845 3023 961 3099 ,poetae
984 3018 1089 3094 fuisse,
1115 3018 1186 3079 ficta
1209 3020 1301 3100 igitur
1331 3042 1399 3086 esse
1421 3027 1526 3086 omnia

298 3127 330 3182 et
351 3121 418 3182 sola
441 3119 634 3198 cogitationis
658 3120 777 3180 luxuria
800 3120 953 3181 simulata.
993 3119 1081 3194 Quod
1095 3138 1281 3200 quamquam
1295 3126 1420 3186 nimium
1435 3125 1523 3211 esd),

299 3223 394 3284 multa
416 3233 499 3283 certe
522 3242 562 3282 ex
585 3241 658 3284 suae
681 3222 776 3303 ipsius
801 3222 998 3306 cogitationis
1022 3221 1162 3283 ubertate
1192 3227 1359 3305 sumpsisse
1391 3248 1425 3289 se
1457 3232 1525 3312 ipse

297 3323 456 3403 fatetur5).
503 3323 592 3384 Unde
614 3324 826 3404 intelligimus,
851 3343 956 3384 verum
981 3341 1049 3385 esse
1072 3340 1175 3405 posse,
1201 3329 1283 3405 quod
1302 3332 1423 3410 saepius
1436 3331 1523 3412 dicit,

298 3429 393 3490 vitem
429 3427 592 3489 castiorem
626 3426 721 3488 fuisse
754 3447 846 3509 quam
881 3425 1032 3505 versus⁶).
1090 3426 1133 3486 At
1165 3428 1196 3487 hi
1229 3447 1336 3492 versus
1370 3437 1524 3514 ejusmodi

298 3537 380 3609 sunt,
404 3537 438 3591 ut
460 3530 542 3609 quod
567 3529 632 3590 aliis
655 3528 831 3593 hominibus
854 3530 1063 3594 verecundum
1097 3535 1143 3589 est
1176 3529 1291 3611 dicere,
1328 3533 1359 3593 id
1395 3541 1523 3616 apertis·

295 3635 372 3694 sime
395 3633 515 3694 effutire
543 3651 605 3694 non
639 3633 754 3713 pudeat
786 3631 942 3695 Ovidium.
1002 3632 1090 3714 „Stet
1119 3634 1225 3713 procul
1256 3635 1327 3697 inde
1357 3637 1521 3724 pudor“⁷).

293 3735 453 3818 „Aversor
477 3755 595 3796 morum
626 3736 766 3816 erimina,
798 3755 911 3818 eorpus
938 3734 1074 3824 am0“⁸).
1123 3735 1233 3814 Neque
1262 3739 1335 3800 satis
1358 3741 1523 3806 excusatus

292 3841 361 3916 erit,
387 3838 469 3918 quod
493 3839 566 3898 solis
591 3839 803 3902 meretricibus
837 3859 871 3901 se
892 3841 1051 3921 scripsisse
1074 3837 1159 3922 ait9).
1197 3839 1233 3902 In
1262 3841 1408 3905 Tristium
1438 3845 1522 3909 libris

292 3948 323 4004 et
346 3941 491 4023 Epistolis
523 3960 563 4001 ex
584 3940 696 4022 Ponto,
723 3941 832 4021 quibus
856 3941 929 4001 nihil
953 3941 1035 4002 aliud
1059 3963 1150 4023 quam
1175 3944 1311 4022 queritur
1330 3945 1373 4009 -de
1396 3948 1521 4010 calami-

323 4162 342 4230 ⁴)
361 4161 427 4217 Vide
451 4164 489 4216 sis
513 4160 597 4216 Trist.
618 4159 662 4216 lV.
687 4163 729 4226 10,
756 4162 798 4229 tl,
823 4163 870 4216 ubi
888 4159 922 4216 de
939 4161 1079 4224 ,corinna
1097 4178 1153 4216 non
1171 4180 1237 4218 vero
1259 4169 1372 4220 nomine
1391 4173 1518 4222 eaniata“

357 4247 492 4316 loquitur.
740 4254 742 4258 '
1616 4245 1617 4248 ¹

320 4335 341 4399 ³)
359 4331 444 4386 Trist.
464 4326 499 4388 Il.
517 4335 579 4392 366.

321 4418 342 4488 ⁶)
362 4419 446 4479 Trist.
465 4419 500 4478 11.
519 4419 665 4478 354-357.

322 4506 341 4573 7)
359 4505 456 4559 Amor.
481 4505 527 4559 lll.
546 4508 587 4574 14,
606 4508 649 4564 la.

321 4595 340 4657 ⁸)
359 4591 457 4648 Amor.
479 4591 527 4647 111.
548 4595 589 4656 11,
608 4595 652 4652 35.

320 4679 341 4746 ⁹)
359 4677 444 4737 Trist.
465 4677 498 4736 ΙΙ.
516 4679 576 4734 303.
