3342 5532
154 1459 332 1592 „Elegia
350 1507 397 1563 est
413 1512 538 1563 carmen
550 1494 754 1583 compositum
766 1500 948 1566 hexametro
961 1503 1250 1586 pentametroque“.
1275 1503 1381 1571 Verba
1423 1493 1425 1500 ¹

152 1611 222 1666 sunt
243 1603 406 1666 Diomedis
429 1607 622 1685 grammatici
646 1604 715 1690 (llJ,
740 1607 815 1686 481,
841 1607 892 1669 ed.
914 1607 1069 1686 Putsoh:),
1094 1610 1181 1688 cujus
1199 1609 1225 1668 si
1243 1611 1381 1688 sequaris

152 1708 378 1786 definitionem,
404 1708 485 1772 nulla
508 1708 567 1770 alia
581 1703 623 1770 're
646 1727 737 1788 quam
769 1710 869 1771 torma
898 1716 929 1771 et
953 1717 1051 1772 metro
1075 1717 1140 1771 tota
1162 1711 1280 1790 elegiae
1304 1712 1381 1772 ratio

151 1809 438 1883 circumscribanda
460 1816 518 1890 est,
551 1811 634 1873 nulla
663 1812 838 1892 argumenti
867 1813 988 1875 ratione
1018 1812 1138 1893 hahita,
1164 1821 1197 1873 ut
1221 1815 1260 1874 sit
1282 1806 1382 1893 elegio

59 1983 67 2002 ι
151 1912 233 1973 idenr
258 1911 341 1992 quod
364 1912 425 1974 alio
448 1914 571 1974 nomine
594 1913 747 1976 distichon
771 1915 920 1996 appellari
943 1916 1033 1977 solet.
1080 1915 1188 1996 Neque
1207 1915 1296 1977 aliter
1319 1917 1380 1977 ele·

151 2015 221 2094 giae
244 2021 385 2076 naturam
408 2016 601 2097 interpretati
631 2023 701 2078 sunt
724 2015 849 2095 Graeci,
885 2036 904 2076 a
935 2017 1045 2096 quibus
1075 2014 1175 2078 ortum
1207 2025 1254 2079 est
1285 2025 1380 2079 totum

60 2195 63 2200 Ι
153 2115 211 2178 hoc
234 2135 343 2196 genus.
401 2119 457 2178 Est
479 2125 582 2180 autem
613 2120 714 2200 elegia
738 2119 928 2181 Graecorum
954 2139 1079 2180 carmen
1103 2120 1183 2181 inter
1206 2113 1327 2200 epicam
1351 2127 1382 2184 et

153 2219 297 2280 melieam
320 2221 441 2301 poesim
466 2227 498 2282 ut
519 2223 563 2286 ita
587 2221 688 2283 dicam
713 2221 860 2300 medium,
886 2225 973 2302 cnjus
992 2223 1080 2282 initis
1102 2223 1145 2286 ita
1162 2222 1290 2302 intelligi
1311 2241 1380 2303 pos-

152 2327 234 2400 sunt,
259 2323 284 2382 si
306 2322 338 2382 iu
361 2341 398 2384 eo
418 2330 542 2403 po'o'tam
561 2325 600 2385 ah
621 2326 710 2405 epica
729 2326 781 2385 illa
799 2326 828 2385 in
850 2324 941 2385 rebus
961 2323 1092 2385 heroicis
1110 2323 1269 2384 narrandis
1288 2324 1380 2384 subli-

91 2435 95 2440 “
153 2425 260 2485 mitate
283 2424 323 2485 ad
346 2443 418 2486 suos
441 2426 535 2506 ipsius
558 2446 665 2488 sensus
689 2426 927 2508 perscribendos
951 2427 1039 2506 quasi
1061 2425 1166 2486 timide
1184 2445 1380 2508 progressum

7 2545 12 2564 ³
80 2601 82 2606 Ι
153 2545 221 2587 esse
249 2533 377 2606 statuas,
411 2529 547 2608 ipsarum
578 2547 678 2590 rernm
714 2530 978 2611 contemplatione
1012 2531 1188 2590 etiamnunc
1223 2526 1381 2589 detentum

153 2628 285 2691 necdum
310 2629 438 2725 affectus
461 2632 556 2692 animi
579 2631 660 2692 elate
684 2639 715 2692 et
737 2631 835 2693 libere
859 2632 962 2713 eloqui
989 2630 1168 2694 audentem.
1224 2629 1314 2691 Unde
1336 2632 1380 2692 iu·

152 2732 247 2810 telligi
269 2738 384 2814 potest,
408 2741 439 2794 et
461 2733 578 2814 primos
602 2733 671 2793 illos
691 2741 801 2814 poetas
820 2733 934 2814 lyricos
956 2732 1085 2793 disticho
1110 2751 1181 2794 usos
1205 2753 1285 2812 esse,
1311 2735 1383 2813 quia

153 2833 247 2894 affine
277 2841 325 2894 est
354 2834 414 2895 hoc
446 2839 576 2897 metrum
611 2836 667 2912 illi,
703 2855 763 2915 quo
798 2837 969 2915 composita
1003 2842 1073 2895 sunt
1106 2836 1244 2896 carmina
1278 2837 1380 2917 epioe,

152 2935 347 3014 hexametro,
378 2943 409 2996 et
432 2944 612 3014 argumenta
643 2939 812 2997 oar-minum
837 2938 1044 3016 elegiacorum
1070 2939 1155 2998 varia
1178 2939 1285 3017 luisse,
1310 2941 1382 3018 quia

154 3038 249 3098 multa
273 3038 376 3120 poesis
408 3039 524 3118 lyricae
552 3057 667 3118 genera
702 3047 828 3113 naturae
863 3039 986 3100 distichi
1023 3040 1258 3102 accommodata
1281 3049 1379 3101 erant.

154 3139 289 3214 Quorum
314 3160 466 3222 generum
487 3141 569 3221 apud
595 3141 731 3203 Graecos
755 3142 922 3223 praecipua
945 3141 1025 3202 haec
1048 3141 1149 3203 fuere:
1181 3142 1282 3219 elegia
1304 3160 1379 3221 gno-

156 3245 246 3322 mica,
271 3244 468 3324 symposiaca
490 3245 556 3304 sive
579 3245 764 3323 convivalis,
789 3245 952 3321 amatoria,
977 3244 1113 3322 lugubris
1132 3243 1198 3303 siva
1217 3239 1402 3326 ilpqao'rhqs

155 3345 242 3420 Quae
264 3363 379 3425 genera
410 3352 442 3406 ut
469 3365 530 3406 nou
560 3348 662 3407 omnia
691 3347 826 3427 amplexi
858 3347 921 3406 sint
947 3345 1157 3407 Romanorum
1181 3353 1294 3426 poetae
1317 3346 1376 3406 ele·

154 3449 248 3528 giaoi,
273 3466 335 3528 qua
358 3447 397 3508 de
421 3466 516 3508 eausa
538 3448 652 3510 facturn
677 3449 728 3529 sit,
753 3450 833 3509 infra
856 3447 1094 3530 disputabimus.

240 3549 354 3626 Quodsi
377 3551 408 3610 in
432 3568 482 3626 ea,
506 3568 587 3630 quae
609 3567 701 3630 supra
726 3558 896 3611 memorata
919 3559 977 3630 est,
1011 3549 1192 3610 definitione
1215 3548 1380 3611 subsisten-

154 3653 226 3714 dum
251 3659 344 3730 esset,
369 3652 469 3733 prima
491 3651 610 3731 elegiae
641 3648 730 3713 initia
756 3651 838 3733 apud
866 3652 1027 3715 Romanos
1056 3653 1218 3730 quaerenti
1246 3651 1319 3712 inde
1343 3649 1382 3713 ah

153 3756 245 3815 Ennii
269 3752 458 3837 temporibus
481 3753 692 3836 incipiendum
716 3764 793 3833 erat,
819 3757 964 3835 qnoniam
994 3775 1087 3836 quum
1116 3755 1147 3814 in
1172 3753 1380 3834 sepulcrorum

154 3858 359 3920 monumentis
383 3864 446 3918 tum
469 3857 711 3936 inimaginibus
742 3858 880 3938 inscripti
912 3857 1180 3946 versuselegiaoi
1202 3857 1383 3936 saepissime

153 3963 367 4042 inveniuntur;
400 3959 512 4038 deinde
543 3966 573 4020 et
603 3960 663 4021 hoc
696 3965 728 4021 et
761 3959 822 4020 alia
856 3962 1112 4041 epigrammatum
1145 3977 1273 4038 genera,
1310 3959 1382 4035 quin
1476 4038 1480 4044 .

153 4064 244 4123 etiam
270 4062 445 4124 didactioac
469 4079 562 4142 quarn
594 4069 708 4123 vocant
731 4064 834 4143 podsis
865 4081 960 4143 opera
991 4063 1147 4141 quaedam
1178 4059 1298 4137 elegiae
1322 4059 1383 4120 Ro·

155 4185 264 4226 manae
286 4163 522 4228 adnumeranda
544 4173 643 4225 erant.
691 4163 733 4225 At
756 4172 821 4226 tota
843 4164 921 4225 haee
939 4167 1028 4242 ratio,
1055 4163 1196 4242 quamvis
1219 4162 1321 4222 valeat
1344 4160 1382 4220 de

155 4267 344 4328 Graecorum
369 4268 507 4328 carmine
529 4266 680 4346 elegiaco,
705 4269 731 4328 si
755 4267 794 4327 de
817 4267 1025 4326 Romanorum
1046 4264 1186 4347 quaestio
1210 4271 1267 4340 est,
1292 4263 1383 4322 inuti-

153 4369 190 4430 lis
213 4387 281 4429 esse
304 4369 438 4432 videtur.
485 4369 531 4430 lta
553 4371 634 4429 enim
658 4370 738 4430 inter
760 4389 794 4430 se
817 4368 940 4429 diversa
960 4367 1099 4428 sentilla
1119 4384 1246 4445 genera,
1272 4365 1383 4443 quihus

153 4476 259 4553 aptum
283 4475 331 4532 est
353 4471 520 4549 distichon,
544 4477 577 4530 ut
598 4471 680 4531 idem
711 4489 823 4532 nomen
853 4469 996 4532 omnihus
1027 4467 1173 4543 tribuere,
1198 4469 1221 4526 si
1246 4484 1306 4526 non
1330 4464 1383 4525 ab·

154 4594 263 4636 sonum
287 4581 317 4634 et
340 4573 521 4652 absurdum,
547 4580 579 4634 at
602 4580 687 4636 certe
711 4573 749 4634 ab
775 4581 922 4635 accurata
946 4574 988 4632 rei
1011 4571 1226 4646 aestimatione
1251 4568 1383 4640 alienum
1437 4583 1442 4591 ¹
